2940 4894
532 233 678 291 Lectiones
694 233 879 308 Vergilianas.

352 388 534 452 Ponderibus
557 395 684 474 propriis
707 393 821 455 incerto
844 401 977 474 tempore
998 392 1092 455 ferme

349 495 530 579 lacertisque
553 498 612 558 loci
634 499 739 581 spatiis
762 500 907 562 decollare
930 500 1057 580 paulum,

255 599 328 660 220.
352 599 484 660 Tantum
506 603 584 684 quad
606 623 749 664 momen
772 612 913 664 mutatum
935 605 1032 666 dicere
1054 606 1161 687 possis.

123 708 269 764 mutatum
291 704 386 786 igitur
406 726 538 779 momen,
560 707 638 788 quod
661 717 731 770 ante
752 717 863 769 certum
884 709 953 770 tuit.

214 817 266 869 out
287 811 324 870 de
346 830 462 872 causa
484 818 633 886 motus,
661 816 862 895 3,188sq.=

254 915 412 976 llomine
432 917 477 976 uti
499 938 589 997 parvo
612 919 727 998 possint
750 919 865 1000 inpulsa
888 920 1008 981 moveri.

254 1021 386 1101 Namque
408 1030 542 1083 mouetur
564 1043 641 1103 aqua
663 1033 693 1083 et
715 1025 832 1085 tantillo
857 1027 1013 1086 momine
1038 1023 1136 1084 dntet.

212 1133 264 1186 aut
285 1128 321 1186 de
344 1128 408 1207 1888
431 1148 469 1188 re
490 1137 607 1202 mota,
631 1131 660 1201 6,
686 1133 767 1190 474:

254 1233 321 1298 Quo
344 1235 440 1315 magis
463 1234 499 1293 ad
522 1234 604 1294 nubis
627 1238 780 1316 augendas
803 1236 894 1295 multa
916 1234 1052 1296 uidemur

255 1338 350 1398 Posse
374 1357 489 1418 quoque
512 1359 528 1398 e
552 1339 632 1398 salso
657 1359 838 1423 consurgere
862 1339 1022 1399 momine
1046 1335 1137 1418 ponti.

118 1447 229 1502 contra
250 1461 352 1500 numen
376 1442 412 1502 de
434 1450 514 1502 motu
537 1443 643 1504 vario
657 1451 688 1504 et
703 1446 788 1525 qnasi
804 1443 1022 1507 voluntario
1045 1443 1076 1514 1,
1094 1442 1155 1501 180
1171 1437 1264 1521 (179)

117 1548 158 1608 de
180 1547 342 1609 mobilitate
365 1547 599 1608 simulacrorum:

251 1655 283 1713 ln
306 1670 391 1735 quem
414 1673 536 1735 cumque
558 1654 655 1715 locum
679 1654 795 1715 diverso
820 1651 970 1711 numine
993 1651 1126 1712 tendunt.

116 1768 153 1822 et
169 1760 205 1820 de
221 1780 290 1822 vern
305 1761 474 1832 nutatione,
497 1779 572 1840 qnae
588 1762 652 1840 ipsa
667 1758 889 1821 voluntarie
904 1765 951 1816 est
971 1764 1001 1816 et
1016 1756 1130 1828 varia,
1146 1758 1174 1826 2,
1185 1753 1263 1814 632:

251 1864 416 1926 Terrificas
439 1866 563 1945 capitum
588 1866 754 1946 quatientes
777 1864 925 1923 numine
947 1863 1063 1922 cristas.

114 1973 206 2038 Quae
228 1990 291 2030 cum
314 1972 357 2030 ita
379 1971 447 2042 sint,
472 1965 597 2030 nondum
621 1991 664 2030 rae
687 1969 819 2048 paenitet
841 1966 918 2047 apud
945 1967 1105 2048 Vergilium
1128 1967 1163 2024 A.
1190 1968 1218 2036 1,
1241 1967 1260 2024 8

113 2088 148 2138 et
171 2081 203 2149 2,
230 2079 289 2136 123
312 2095 413 2134 numen
437 2075 655 2135 inclinationem
679 2074 765 2134 animi
788 2093 822 2132 88
844 2072 1008 2133 8818818118
1032 2073 1151 2130 deorum
1173 2071 1262 2129 inter·

111 2189 266 2266 pestutum
288 2199 363 2242 esse.
409 2179 495 2246 118811
519 2187 615 2238 autem
639 2177 829 2258 Ladewigius
853 2175 967 2235 811818
990 2175 1262 2234 laesemlunonem

111 2285 270 2366 intelligit,
297 2284 325 2343 id
349 2284 448 2342 nescio
484 2303 520 2342 sa
550 2291 682 2343 veterum
718 2283 753 2341 de
784 2282 860 2341 Fato
895 2279 1060 2338 sententiae
1089 2278 1263 2339 adversetur

111 2415 201 2475 quam
226 2391 359 2451 maxime.
405 2389 491 2454 anot
515 2389 590 2447 enim
606 2387 683 2470 'lege
703 2387 770 2446 Fati
793 2385 963 2445 immutabili
986 2385 1179 2444 coustitutum
1202 2391 1258 2452 est,

108 2501 141 2560 id
165 2497 236 2557 nibil
259 2495 377 2575 impedit
399 2495 468 2573 quia
491 2493 562 2552 deus
586 2494 676 2573 aliqui
699 2493 821 2552 dilatum
844 2498 1022 2573 mutatumve
1044 2490 1125 2562 uelit,
1149 2498 1181 2549 81
1199 2489 1259 2548 lae·

109 2625 178 2667 sum
199 2623 234 2664 ea
256 2621 289 2660 re
312 2600 473 2678 iniuriaque
497 2618 529 2658 se
552 2597 690 2658 affectum
714 2598 796 2678 queri
825 2618 883 2657 non
906 2598 986 2656 licet.

124 2742 125 2748 1
201 2708 237 2768 A.
252 2707 353 2779 teau
370 2723 433 2783 sqq.
477 2703 584 2783 Aspice
606 2703 651 2762 bis
674 2724 763 2762 senos
786 2701 926 2788 luetaqtis
949 2699 1065 2784 ¹sagmine
1088 2715 1207 2774 cycnos,

480 2807 619 2880 Aetheria
641 2828 715 2888 quas
738 2808 822 2887 lapsa
845 2807 936 2888 plaga
965 2805 1042 2866 lavis
1067 2801 1129 2860 ales
1151 2806 1254 2880 aperto

473 2915 626 2975 Turbabat
657 2917 758 2990 caelo;
793 2935 869 2976 nunc
898 2922 994 2975 terras
1026 2911 1126 2970 ordine
1160 2909 1253 2988 lango

474 3020 535 3080 Aut
547 3040 654 3101 capere
668 3031 720 3083 aut
730 3028 832 3101 captas
848 3021 905 3079 iam
918 3021 1090 3099 despectare
1101 3015 1252 3076 videntur:

475 3124 516 3184 Ut
537 3127 659 3186 reduces
687 3127 730 3187 illi
753 3127 855 3187 ludunt
877 3123 1067 3184 stridentibus
1090 3121 1145 3180 8118

473 3229 621 3290 11188818
644 3232 763 3291 cinxere
786 3231 884 3310 polum
908 3237 1070 3306 cantusque
1091 3223 1207 3294 dedere,

472 3335 556 3394 Haud
580 3337 668 3397 aliter
688 3355 857 3417 puppesque
871 3343 939 3394 tuae
962 3333 1108 3412 pubesque
1134 3336 1250 3387 tuorum

470 3440 529 3499 Aut
551 3450 666 3522 portum
689 3450 781 3513 tenet,
805 3449 856 3501 ent
878 3441 964 3519 pleno
988 3437 1066 3496 subit
1079 3434 1157 3494 8118
1170 3433 1247 3494 8818.

102 3537 299 3620 Ladewigius
322 3541 447 3603 membra
470 3544 555 3604 buius
578 3546 808 3626 comparationis
836 3545 939 3604 luxata
962 3543 1111 3622 ipsamque
1133 3557 1247 3616 compa·

100 3646 251 3706 rationem
274 3646 410 3707 vitiosam
438 3669 505 3709 esse
531 3659 642 3710 censet.
700 3653 836 3712 Pertinet
867 3651 913 3721 id,
945 3649 1023 3729 quad
1054 3646 1149 3705 altero
1179 3643 1246 3701 laco

103 3751 274 3832 posuimus,
305 3752 341 3810 ad
364 3773 467 3814 munus
496 3756 680 3837 interpretis,
711 3778 768 3817 non
795 3755 906 3828 critici3
931 3755 1030 3834 itaque
1058 3753 1132 3810 banc
1162 3767 1247 3829 quae·

103 3857 231 3916 ationem
262 3875 338 3916 nunc
367 3876 550 3938 seponamus.
606 3863 765 3924 Existimat
793 3871 889 3923 antem
920 3856 1112 3938 Ladewigius
1142 3847 1257 3912 versus'

100 3963 159 4022 bos
182 3981 200 4021 o
221 3969 311 4041 poeta
329 3963 385 4021 boc
408 3965 508 4026 ordine
531 3966 696 4028 collocatos
718 3968 827 4029 fuisse:

232 4067 338 4148 Aspice
359 4067 403 4127 bis
426 4089 513 4130 senos
537 4072 675 4133 laetantis
698 4075 815 4156 agmine
837 4093 957 4154 cycnos.

233 4175 273 4235 Ut
295 4177 419 4237 reduces
442 4177 486 4238 illi
508 4179 612 4241 ludunt
634 4183 822 4243 stridentibus
844 4183 911 4254 alis,

231 4281 270 4340 111
291 4289 379 4341 coetu
401 4283 521 4344 cinxere
543 4287 638 4365 polum
663 4297 824 4368 cantusque
846 4287 962 4356 dedere,

231 4385 371 4448 Aetheria
394 4408 468 4469 quas
490 4390 572 4472 18888
594 4390 686 4473 plaga
708 4391 785 4454 lavis
808 4392 870 4452 eles
892 4398 996 4470 aperto

955 4507 973 4566 7
