2960 4898
513 236 658 290 Lectiones
676 235 861 308 Vergilianas.
1216 237 1259 302 39

108 394 222 474 Nempe
243 393 272 453 in
294 390 460 454 divulsione
482 397 635 471 spectatur
656 391 831 464 disiunctio,
854 410 912 452 non
934 353 1055 458 11111ιυί11
1077 394 1256 474 direptiones

109 499 239 578 diripere
262 497 337 557 enim
358 505 405 556 est
426 515 531 576 rapere
549 497 578 556 in
600 497 731 574 diverses
754 505 865 577 partes,
888 497 917 556 in
941 518 997 578 qua
1018 519 1051 559 re
1065 500 1136 562 nihil
1154 500 1258 574 refert,

108 612 226 676 111111111,
251 620 326 683 quae
347 601 391 661 ita
412 601 583 681 rapiuntur,
611 604 768 664 coniuncta
790 623 827 662 an
849 623 907 662 nen
929 604 1085 667 coniuncta
1107 605 1236 686 cogites.

199 742 274 802 Aen.
298 745 330 814 1,
352 743 426 802 661.
471 745 536 800 dum
555 745 619 816 sota
642 747 761 819 deasque
783 743 906 803 sinebat.

107 849 241 907 suasam
261 846 463 928 Ladewigius,
486 870 545 932 ego
568 857 599 910 et
621 848 765 929 llauptins
787 850 904 920 sinebat,
926 848 972 910 val
988 854 1155 927 propterea,
1179 850 1256 929 quod

106 974 143 1014 ea
166 963 215 1014 est
238 953 362 1013 Medicei
383 952 484 1027 lectio,
508 975 593 1036 quam
615 953 768 1014 defensum
784 953 822 1013 isi
840 951 964 1018 Quaest.
978 952 1091 1048 Vergil.
1102 952 1175 1024 Vlll,
1188 957 1218 1025 3,
1228 973 1256 1016 a.

194 1099 270 1158 Aen.
282 1098 396 1170 5,167.
427 1101 494 1157 Cum
517 1101 642 1158 clamore
665 1100 737 1172 Gyas
758 1096 928 1166 reoocolct;
951 1081 982 1153 et
1004 1113 1070 1153 ecce
1095 1096 1258 1159 Cloanthum

428 1205 551 1277 Respicit
570 1206 717 1261 instantem
739 1212 830 1278 serpo.
1115 1271 1121 1286 ι

105 1306 283 1376 revocabee;
311 1325 379 1365 ecce
405 1309 444 1365 01.
466 1305 657 1388 Ladewigins
685 1305 804 1386 scripsit
835 1311 957 1364 auctore
982 1304 1254 1366 Fleckeisenio

108 1431 190 1482 meo,
215 1410 286 1470 item
310 1431 354 1473 vs.
379 1411 441 1470 45⁰
465 1412 554 1468 inlisit
575 1428 638 1468 osec
660 1412 794 1482 cerebro,
824 1417 858 1469 ut
880 1409 995 1490 quidam
1019 1408 1164 1490 philologi
1186 1409 1258 1469 XVI

111 1515 235 1590 saeculi3
260 1516 354 1576 etita
377 1514 442 1575 cod.
465 1515 615 1574 Romanus
638 1523 764 1595 utroque
787 1513 853 1574 loco
878 1514 960 1574 solua
980 1535 1017 1574 ex
1035 1513 1082 1586 iis,
1106 1513 1257 1594 dequibus

110 1629 247 1694 constat,
271 1621 351 1680 libris
374 1641 455 1693 mas„
477 1620 593 1680 minime
614 1619 747 1700 locuples
773 1619 806 1678 iu
825 1619 966 1679 eiusmodi
988 1640 1021 1680 re
1044 1619 1141 1679 testis.
1174 1621 1259 1681 Dixit

107 1727 314 1787 Lachmannus
336 1726 373 1786 ad
396 1726 517 1785 Lucret.
540 1745 609 1806 pag.
634 1725 697 1784 299
727 1743 772 1783 me
802 1724 875 1784 Aen.
900 1727 930 1796 9,
955 1726 1017 1782 118
1037 1723 1173 1784 intulisse
1196 1744 1256 1786 cre·
1299 1793 1304 1805 .

106 1832 194 1894 ticum
219 1833 248 1893 in
272 1851 387 1894 uersum
409 1830 574 1904 heroicum
598 1849 656 1911 qno
679 1828 756 1902 iura,
778 1835 929 1889 ostensum
952 1829 1008 1888 ianr
1022 1829 1120 1890 est'ad
1136 1833 1164 1902 2,
1175 1831 1256 1906 4973

108 1943 139 1998 at
161 1957 236 2009 nos,
259 1936 443 2010 Anthoni,
470 1958 582 1998 summo
605 1937 668 1997 iure
697 1937 825 1996 dicemus
844 1933 1079 1996 Fleckeisenium
1109 1943 1140 1994 et
1163 1935 1257 1996 Lade·

107 2043 231 2126 wigium
253 2043 423 2103 trochaeum
445 2064 499 2124 pro
522 2043 653 2124 spondeo
677 2042 836 2104 invexisse.
869 2042 908 2100 ut
930 2059 966 2100 eo
989 2039 1103 2120 quidem
1127 2039 1204 2114 loco,
1221 2042 1258 2102 de

111 2167 167 2228 qno
192 2167 270 2206 nuuc
293 2147 427 2227 agimus,
449 2147 633 2208 retinendum
655 2167 722 2206 esse
745 2157 806 2219 „et
825 2123 891 2205 ecce
912 2146 951 2205 01.
962 2139 977 2170 ’⁹
998 2145 1106 2204 docent
1128 2144 1183 2226 ipsi
1207 2165 1257 2206 nu·

109 2255 196 2326 meri,
221 2271 297 2334 qnos
319 2253 417 2312 deleta
439 2254 546 2335 copula
568 2253 822 2316 invenustissimos
844 2271 910 2312 esse
933 2249 1144 2310 declaravimus
1166 2270 1255 2330 supra

109 2359 143 2418 ad
167 2361 197 2430 2,
223 2358 305 2430 197,
339 2327 390 2416 ubl
410 2359 466 2418 hoc
488 2378 583 2440 genus
606 2378 748 2418 caesurae
757 2392 769 2429 ,·
797 2374 872 2438 quae
894 2365 941 2414 est
960 2362 1029 2435 post
1052 2353 1185 2436 quartum
1208 2375 1256 2436 pe·

110 2463 188 2535 dem,
212 2463 249 2524 als
271 2462 422 2544 elegantia
443 2483 546 2524 uersus
569 2463 733 2544 Vergiliani
756 2463 913 2523 abhorrere
944 2459 1088 2532 diximus3
1120 2478 1158 2518 ex
1187 2479 1255 2518 con·

110 2569 199 2628 traria
224 2567 297 2626 illud
319 2578 432 2625 elaces
454 2569 543 2628 etad
566 2569 742 2628 sententiam
765 2574 796 2627 et
825 2566 862 2627 ad
891 2565 1083 2642 rhythmicam
1112 2565 1256 2624 rationem

109 2671 439 2734 accommodatissimum
462 2690 544 2744 esse,
570 2671 756 2745 Anthoni,
787 2691 897 2731 mecum
927 2671 1019 2729 sentis
1050 2669 1095 2731 vel
1127 2690 1184 2728 non
1208 2669 1256 2728 ad·

110 2779 254 2851 monitus3
279 2795 331 2835 nec
354 2775 499 2857 Hauptins
521 2776 566 2838 lsis
589 2777 721 2839 versibus
744 2775 873 2837 affricuit
894 2775 995 2847 istam,
1018 2774 1044 2833 si
1066 2774 1121 2836 diis
1144 2773 1257 2856 placet,

112 2884 235 2944 nobilem
261 2881 442 2963 aeruginem.

193 3006 269 3068 Aen.
293 3008 324 3078 5,
347 3008 422 3066 629.
464 3007 548 3065 teleos
568 3005 720 3066 contendit
742 3009 772 3064 in
794 3023 891 3063 11111111.

112 3118 249 3176 contorsit
268 3111 460 3192 Ladewigius
482 3117 513 3170 et
536 3110 691 3192 Hauptins.
729 3110 868 3191 Equidem
884 3109 1049 3169 etiamnunc
1067 3129 1173 3169 censeo
1189 3129 1256 3170 coo·

110 3223 197 3280 tendit
216 3216 401 3277 retinendum
423 3234 504 3286 esse,
528 3233 603 3296 quae
626 3222 673 3274 est
695 3216 776 3295 prior
795 3214 885 3274 lectio
907 3214 1048 3286 llledicei,
1088 3221 1118 3274 et
1141 3216 1256 3295 priores

112 3326 254 3386 lectiones
277 3321 339 3381 eius
362 3321 471 3380 codicis
494 3341 546 3400 pro
569 3320 730 3382 verioribus
745 3320 892 3380 habendas
906 3339 972 3378 esse
992 3317 1158 3401 significavi
1174 3341 1256 3400 prae·

112 3429 165 3490 fat.
189 3429 262 3489 edit.
284 3426 350 3486 mai.
373 3446 444 3507 pag.
463 3425 505 3484 X.
538 3426 722 3507 Negaveram
745 3433 841 3486 autem
865 3425 893 3484 in
916 3425 1000 3484 Varr.
1024 3426 1121 3486 Lectt.
1145 3437 1256 3484 contor-

111 3555 194 3610 quere
216 3537 334 3610 sequias
356 3539 437 3592 recte
460 3532 532 3605 dici3
556 3530 688 3590 Curtium
711 3532 767 3591 hoc
788 3531 877 3593 verbo
900 3531 942 3590 ita
966 3552 1048 3592 usum
1066 3551 1142 3603 esse,
1165 3539 1198 3590 ut
1212 3532 1255 3591 ait

111 3639 321 3720 Ladewigius,
348 3657 449 3698 verum
472 3637 585 3710 iudico;
618 3636 737 3717 scripsit
759 3636 784 3695 is
807 3640 837 3708 8,
864 3640 913 3708 14,
937 3638 978 3698 36
1007 3639 1131 3709 „Porus
1154 3637 1254 3710 telum,

112 3749 188 3828 quod
212 3765 301 3806 unum
322 3742 404 3803 forte
431 3763 489 3803 non
512 3741 743 3814 effluxerat,
776 3743 968 3803 contorsit
991 3744 1019 3802 in
1043 3742 1146 3802 eum:”
1178 3741 1254 3801 idem

112 3851 207 3912 Porus
229 3869 332 3930 pugne
352 3848 578 3928 vulneribusque
601 3845 767 3919 confectus,
789 3854 823 3907 ut
845 3847 933 3927 paulo
957 3856 1026 3908 ante
1049 3845 1090 3930 (§.
1117 3844 1171 3924 32)
1194 3854 1254 3905 tre·

113 3959 206 4030 diter,
236 3953 389 4029 „manibus
423 3954 519 4034 magis
548 3952 650 4032 elapsa
658 3995 668 4025 ,
700 3972 786 4032 quem
815 3972 979 4014 excussa
1007 3955 1069 4014 tela
1090 3950 1254 4024 mittebat?

113 4062 243 4142 idemque
265 4059 384 4123 verbum
405 4063 499 4118 mesti
521 4058 557 4118 de
579 4057 693 4138 sagitte
715 4057 822 4117 dicitur
843 4060 873 4129 8,
899 4060 948 4130 13,
973 4060 1003 4120 6.

197 4185 270 4244 Aen.
294 4185 325 4256 6,
348 4183 422 4242 631.
467 4181 541 4247 (tuis
560 4181 800 4256 proliletnsuros
821 4183 927 4240 iecere.

116 4293 188 4363 (laid
208 4288 411 4370 hadewigins,
434 4287 563 4346 lahniem
585 4293 719 4360 secutos3
743 4286 818 4347 idem
831 4285 937 4368 probet
951 4283 1106 4364 Hauptius.
1138 4286 1255 4347 Utrum·

116 4415 170 4478 qne
191 4397 252 4483 legi
273 4413 364 4479 posse
383 4401 517 4475 apertum
539 4399 600 4468 est,
629 4391 681 4454 sed
704 4393 771 4468 Quis
803 4392 870 4454 huic
891 4391 958 4454 loeo
979 4391 1074 4478 magis
1097 4392 1253 4458 convenire
