2940 4894
257 255 301 316 84
659 255 779 324 Philippi
796 255 932 324 Wagneri

339 410 412 472 Aen.
435 412 466 482 9,
489 413 540 470 21.
586 412 702 491 Sequor
722 417 817 472 omina
839 424 926 473 mon.

253 519 360 590 sequar
390 516 599 597 hedewigius,
636 521 756 592 Sequor,
798 519 875 599 quad
905 539 964 602 ego
994 516 1132 598 probavi,
1169 519 1276 598 prabet
1307 522 1396 580 etism

254 623 407 703 Hauptias.
451 629 560 699 Sequar
581 625 606 684 si
625 626 751 685 dixisset
773 626 915 698 Turnus,
946 627 974 686 id
1004 645 1037 686 sc
1064 621 1221 705 aliquando
1245 625 1396 687 facturum
1463 651 1464 700 ς

253 729 450 810 significeret3
482 749 557 788 nuuc
584 730 627 802 id,
657 731 734 809 quod
763 732 816 789 iris
839 732 941 803 iussit,
973 733 1073 791 statiua
1096 731 1281 812 exsequitur3
1304 740 1397 815 atque
1462 729 1464 802 l

143 903 149 918 ,
252 834 308 894 hoc
329 854 381 914 per
402 835 548 894 Praesens
570 854 669 911 sequor
692 836 902 916 quodammodo
926 837 1077 916 praecipit.

338 941 410 1000 Aen.
433 943 463 1012 a,
489 944 549 1001 150
573 960 618 1020 sq.
880 945 1018 1001 Tenebras
1039 953 1066 1000 et
1086 944 1290 1014 carricaturis

640 1045 779 1124 [Palladii
799 1047 893 1105 cessis
916 1065 1044 1106 summae
1067 1047 1236 1106 custodibus
1260 1045 1356 1128 ercis]

641 1154 680 1209 llic
700 1157 825 1222 timeant,
846 1171 898 1210 nec
920 1156 983 1227 equi
1006 1170 1094 1209 caeca
1109 1155 1305 1209 condemneris
1319 1155 1394 1212 aloc.
1462 1169 1464 1238 j

251 1255 350 1336 Negat
372 1249 574 1315 Ldolrmaanur
597 1255 633 1314 ad
657 1255 776 1316 Lucret.
799 1259 830 1327 o,
857 1259 939 1316 1006
969 1257 1144 1345 eripiendum
1168 1275 1235 1315 esre
1258 1256 1394 1338 Vergilio
1462 1253 1464 1290 ;

251 1362 322 1420 illud
346 1363 480 1432 Palladii,
513 1359 636 1420 formam
666 1363 780 1421 scilicet
809 1361 902 1421 solam
932 1361 1066 1424 vocabuli
1094 1363 1302 1434 considerans,
1334 1383 1394 1422 nan
1462 1375 1464 1434 ξ

250 1468 422 1528 sententiam
445 1466 629 1546 habitumque
652 1467 736 1525 huius
760 1468 917 1539 orationis3
954 1487 1007 1527 nec
1029 1467 1101 1545 cripi
1127 1487 1231 1547 passus
1261 1476 1309 1527 est
1337 1469 1394 1527 Le·
1460 1435 1463 1546 l

250 1574 405 1654 dewigius.
450 1571 542 1630 Recte
559 1572 703 1649 Hauptius
726 1589 842 1652 quoque
864 1573 939 1630 hunc
962 1591 1087 1643 versum,
1108 1578 1141 1630 at
1156 1572 1305 1652 indignum
1322 1573 1394 1632 Ver-

250 1679 339 1761 gilio,
361 1677 443 1735 uncis
466 1675 593 1735 inclusit.
639 1676 670 1733 ld
689 1675 793 1747 refert,
816 1677 884 1756 quid
911 1677 1026 1736 tortose
1049 1677 1152 1736 timere
1173 1676 1302 1736 Troiani
1324 1699 1392 1757 pos·

250 1785 324 1844 sinti
368 1782 513 1841 Poterant
535 1788 630 1838 autem
654 1781 755 1839 timere
779 1781 946 1840 tenebras
970 1787 1004 1840 et
1028 1781 1159 1840 inertia
1186 1779 1301 1852 furta,
1332 1802 1390 1842 noa
1462 1791 1463 1878 p

250 1897 386 1970 poterant
410 1888 511 1944 timere
534 1897 646 1964 raptam
673 1885 796 1964 aliquem
812 1885 938 1944 Palladii
955 1886 1108 1946 caedemus
1124 1886 1277 1944 custodum
1294 1886 1389 1959 arcis3

249 2015 302 2055 aec
325 1993 487 2052 Palladium
511 2001 575 2050 erat
603 2009 655 2050 neo
682 2011 736 2049 arx
765 1992 794 2050 io
824 1991 930 2050 castris
952 1991 1163 2049 Troianorum.
1220 1991 1291 2048 Cum
1322 2010 1389 2050 con·

250 2107 361 2179 tempta
390 2077 410 2157 a¹
436 2098 542 2156 Turno
573 2097 791 2155 commemorari
822 2097 864 2156 uit
892 2096 1082 2177 Ladewigius
1112 2115 1163 2167 ea,
1202 2115 1277 2175 quire
1305 2097 1389 2158 vafro

248 2203 501 2290 fecerint-Graeci
525 2201 561 2260 ad
583 2201 749 2280 capiendam
773 2201 907 2260 Troiam.
952 2201 1087 2258 Audirem
1110 2199 1251 2272 fortasse,
1274 2201 1388 2281 siquid

249 2310 341 2372 simile
364 2308 491 2388 cogitari
514 2313 629 2386 posset,
653 2307 734 2365 cuius
757 2308 856 2366 utendi
878 2308 1001 2377 Turno,
1024 2307 1048 2364 si
1070 2307 1388 2394 voluissetpfecultas

247 2414 365 2475 fuisset.
409 2413 492 2471 Nunc
515 2403 667 2490 ego'aihil
689 2412 734 2470 uic
757 2411 841 2472 video
873 2412 927 2471 uisi
956 2411 1106 2472 verboram
1138 2412 1315 2484 vanitatem,
1348 2413 1388 2472 in·

249 2521 337 2604 genio
361 2518 458 2578 Turni
480 2517 638 2596 indignam.
693 2517 795 2576 Totus
824 2517 887 2576 eins
918 2517 1031 2575 animus
1061 2535 1165 2576 versus
1195 2525 1242 2576 est
1272 2519 1308 2577 od
1340 2539 1387 2598 op·

249 2624 407 2708 pugnanda
430 2623 595 2701 propediem
618 2630 730 2696 castra3
765 2641 863 2702 eque
890 2643 922 2682 re
950 2622 1046 2681 aliena
1075 2630 1122 2680 est
1149 2625 1386 2682 commemoratio

249 2729 390 2794 eiusmodi
412 2729 532 2800 artium,
561 2728 663 2808 quales
686 2729 714 2787 in
737 2727 814 2787 bello
836 2728 885 2787 diu
907 2735 1004 2787 tracto
1027 2727 1122 2786 locum
1146 2728 1263 2788 hebeat.
1308 2729 1386 2789 Tun

248 2839 313 2902 ride
335 2835 419 2907 mihi,
452 2834 630 2904 dationi,
659 2834 771 2892 elumbe
797 2833 869 2892 illud
900 2833 1126 2892 additamentum
1148 2837 1237 2890 caesis
1265 2853 1388 2892 sommae

248 2943 404 3006 custodibus
433 2942 523 3010 orcis,
557 2937 640 3018 quasi
667 2939 724 2997 hac
754 2938 791 2997 ad
816 2956 953 2997 summam
983 2957 1044 2998 rem
1067 2937 1221 3018 quidquam
1249 2939 1385 3017 ponderis

248 3047 392 3109 hocloco
424 3043 553 3103 haberet.
610 3041 692 3102 Unde
720 3041 838 3102 effictus
867 3049 919 3101 aut
948 3042 1046 3121 potius
1078 3043 1240 3102 translatus
1269 3045 1310 3102 sit
1340 3043 1385 3102 hic

249 3171 363 3222 versus,
386 3149 489 3208 dadum
512 3147 741 3207 animadversum
764 3153 811 3206 est
833 3167 851 3207 a
873 3147 997 3219 criticis3
1021 3166 1074 3207 nec
1097 3166 1186 3207 caure
1207 3146 1321 3207 fraudis
1337 3149 1383 3207 ob·

249 3276 335 3319 scaro
358 3262 414 3314 est.
458 3254 528 3312 Cum
553 3253 627 3312 caim
650 3260 805 3333 quaereret
826 3251 946 3332 aliquis,
980 3272 1054 3333 quae
1077 3260 1177 3312 essent
1199 3273 1234 3312 ea
1264 3253 1382 3331 furta,

248 3360 337 3424 facile
359 3359 387 3417 in
411 3357 573 3416 memorium
597 3356 722 3415 Palladii
745 3356 840 3435 rapti,
871 3357 905 3415 ab
934 3357 997 3435 ipso
1025 3363 1114 3435 poeta
1136 3356 1194 3416 aiio
1218 3357 1285 3418 loca
1309 3380 1383 3421 conr·

248 3465 398 3530 memorati
421 3463 516 3522 redire
538 3461 643 3543 potuit.
687 3460 991 3531 scillacenses,
1024 3461 1076 3520 illa
1106 3460 1188 3520 furto
1217 3483 1291 3542 qaae
1315 3469 1383 3540 sint,

249 3575 312 3655 ipse
335 3569 442 3628 indicat
464 3576 566 3646 pacta,
590 3574 703 3625 noctem
726 3567 804 3625 illam
829 3565 942 3626 Troiae
970 3584 1132 3644 supremam
1160 3586 1323 3648 equumque
1353 3571 1383 3630 li·

251 3695 356 3760 gaeum
386 3673 413 3731 in
443 3672 539 3730 urbem
569 3681 694 3730 tractum
720 3669 905 3752 significans3
940 3671 1016 3750 quod
1040 3679 1072 3728 ut
1093 3670 1210 3731 facilius
1232 3685 1383 3754 apparent,

249 3779 420 3849 semicolon,
443 3776 519 3856 quod
543 3797 696 3856 posueram
720 3785 788 3856 post
810 3782 931 3848 onerat,
954 3777 1128 3836 commutavi
1151 3797 1213 3836 cam
1230 3791 1381 3841 commate.

250 3889 300 3948 Sic
324 3882 507 3963 expugnatio
530 3881 644 3941 Troiae
666 3901 728 3942 cum
753 3881 972 3963 expugnatione
1000 3871 1162 3940 castrorum
1186 3895 1381 3965 comparatur.

250 3991 348 4071 Ergo,
380 3985 456 4067 qaod
484 4005 542 4066 ego
570 3985 678 4065 aliique
707 3986 831 4046 diximus
859 3984 1018 4065 Vergilium
1045 3985 1141 4046 fornia
1168 3988 1226 4056 ista
1252 3991 1382 4069 genetivi

251 4093 436 4161 abstinuisse,
459 4109 495 4150 ne
517 4091 573 4149 lroc
596 4091 708 4170 quidem
732 4092 799 4151 loco
821 4089 977 4151 refellitur.
1021 4089 1066 4151 lla
1081 4111 1155 4162 uno,
1179 4094 1255 4173 quod
1278 4103 1382 4167 restat,

250 4198 384 4278 exemplo
406 4197 472 4257 vide
495 4214 569 4275 quae
591 4195 757 4275 scripsimus
780 4198 815 4257 ad
839 4196 887 4267 ΙΙΙ,
910 4195 983 4254 702.

336 4304 407 4362 Aen.
431 4303 462 4373 9,
484 4303 556 4360 226.
598 4303 734 4362 Ductores
759 4305 890 4360 Teanam
911 4302 1015 4373 primi,
1037 4301 1142 4357 delectu
1163 4305 1296 4361 iocentur.

250 4419 279 4469 et
298 4410 402 4466 delecta
423 4410 443 4465 i.
467 4407 618 4468 ediderunt
638 4406 809 4478 Paldauras,
836 4405 1043 4486 ludewigius,
1072 4403 1226 4483 Hauptias.
1282 4408 1383 4481 Recte,
