2940 4894
525 229 670 284 uacuam
689 228 874 296 Vergilianas.
1209 226 1271 290 105

252 403 281 463 ls
304 398 370 483 (Hi)
394 405 579 461 Fescenninos
599 403 676 460 oetas
698 400 861 474 Aequosque
883 401 1014 459 Faliscos.

122 524 232 585 Parum
255 522 411 605 probabilis
433 521 622 592 coniectura,
646 521 769 580 maxime
791 529 963 600 propterea,
994 520 1072 601 quod
1094 539 1152 580 non
1174 521 1270 580 solum

123 631 209 691 locus
241 637 370 688 mutatus
393 635 454 700 est,
488 629 540 688 sed
563 627 658 708 quod,
681 635 714 686 ut
737 628 762 685 is
792 628 896 686 mutari
919 635 1039 707 posset,
1072 627 1158 686 etiam
1181 626 1270 686 lectio

122 736 262 796 mutanda
284 734 351 794 fuit.
394 735 521 793 Causam
544 732 746 804 traiectionis,
777 732 834 791 etsi
857 751 931 813 quae
954 730 1046 792 fuerit
1067 752 1129 794 non
1152 721 1273 791 difficile

123 847 172 900 est
194 839 343 911 divinare,
373 859 431 898 non
454 838 593 900 indicavit
614 837 822 918 Ladewigius3
854 856 929 917 quae
960 856 1009 896 res
1040 836 1123 895 nobis
1155 857 1271 919 quoque

121 944 304 1007 brevioribus
327 964 409 1017 esse,
432 945 451 1003 i.
478 965 504 1004 e.
529 943 597 1002 nibil
622 941 745 1024 amplius
768 943 894 1014 addere,
924 942 980 1001 boc
1003 941 1070 1003 loco
1093 943 1174 1004 licet.
1219 945 1271 1003 Ce-

121 1060 219 1112 terum
241 1051 325 1122 idem,
348 1058 382 1109 ut
396 1027 491 1109 'etiarn
512 1049 668 1129 Hauptius,
692 1067 794 1124 aequos
812 1049 923 1107 minore
945 1047 1033 1108 litera
1055 1049 1160 1109 initiali
1182 1050 1272 1130 scrip·

122 1156 181 1231 sit3
208 1176 272 1215 cum
296 1164 392 1216 tamen
423 1157 486 1235 ipse
509 1155 581 1214 illud
603 1173 707 1230 aequos
736 1174 788 1234 pro
812 1167 896 1235 parte
919 1154 1043 1214 nominis
1065 1154 1151 1214 buius
1173 1155 1273 1236 oppidi

122 1261 240 1333 babeat,
262 1259 351 1320 facile
373 1261 496 1340 patiere,
526 1260 721 1332 Antboni,
744 1280 788 1319 me
811 1259 956 1330 retinere,
981 1259 1057 1339 quod
1081 1259 1169 1319 semel
1193 1259 1273 1320 exbi-

121 1368 181 1428 bui.
225 1368 318 1427 Recte
353 1371 444 1438 vero,
479 1367 598 1446 opinor,
628 1366 809 1426 Theodorus
844 1365 979 1446 Bergk
1009 1366 1038 1424 ln
1070 1364 1269 1446 disputatione

120 1473 233 1552 scripta
255 1492 303 1531 ao.
328 1473 421 1543 4844,
443 1471 604 1551 praemissa
627 1471 713 1529 indici
734 1471 908 1530 Lectionum
926 1469 1197 1552 Morburgensiun,
1227 1491 1270 1530 re·

120 1577 207 1638 ieotis
239 1577 363 1636 oliorum
397 1575 580 1656 opinionibus
602 1576 720 1656 Aequos
742 1596 760 1636 a
783 1575 875 1634 latino
906 1575 1050 1636 adiectivo
1082 1595 1185 1652 aequus
1214 1577 1272 1635 dio·

120 1691 172 1744 tos
202 1693 294 1764 negat
320 1681 568 1761 probabiliterque
603 1681 735 1760 disputat
764 1685 883 1761 Aequos
913 1681 1045 1740 Faliscos
1082 1681 1117 1740 ab
1142 1681 1270 1741 urbisin

120 1789 200 1850 colle
228 1789 287 1848 situ
317 1787 482 1867 appellatos
509 1807 592 1860 esse;
621 1790 742 1863 Aequam
770 1789 844 1846 enirn
879 1786 990 1847 factum
1024 1807 1090 1848 esse
1125 1808 1162 1847 ex
1195 1789 1272 1848 Osco

122 1892 267 1958 vocabulo
293 1894 375 1967 Alpo,
399 1891 629 1972 quandoquidem
645 1892 728 1950 Oscis
752 1893 947 1968 literarumque
969 1891 1067 1952 nullus
1088 1887 1176 1953 fuerit
1191 1912 1273 1965 usus,

122 2000 194 2071 sed,
223 1997 271 2057 ubi
292 1996 392 2057 Latini
414 1995 460 2055 bis
483 1995 577 2055 literis
601 2004 739 2068 utantur,
770 1998 883 2072 decep
907 1997 1071 2072 scribatur3
1105 1998 1224 2079 Aequos
1246 2020 1271 2059 s.

120 2103 301 2184 Aequiculos
324 2102 381 2161 dici
403 2109 437 2161 ut
459 2109 624 2171 montanos,
647 2107 677 2159 et
700 2101 842 2181 quaedam
864 2101 924 2160 alia
947 2103 1047 2162 eodem
1070 2103 1167 2162 modo.

208 2227 281 2286 Aen.
306 2227 336 2298 8,
359 2225 432 2285 670.
476 2227 656 2299 Secretosqor
674 2229 751 2298 pios3
774 2225 819 2284 his
840 2227 951 2283 domem
974 2229 1040 2284 iuro
1064 2229 1205 2286 Catonem.

116 2336 166 2394 bic
196 2335 308 2390 dentem
336 2337 442 2390 contra
473 2349 572 2388 omnes
602 2328 693 2389 libros
714 2350 783 2389 mss.
814 2331 932 2410 scripsit
961 2331 1163 2414 Ladewigius.
1208 2331 1260 2392 llli·

118 2458 185 2498 rum
207 2434 363 2517 profecto,
396 2435 473 2515 quod
497 2435 619 2492 nondum
644 2435 795 2514 quisquam
818 2435 918 2494 incidit
940 2436 969 2495 in
992 2445 1050 2496 taor
1063 2436 1181 2497 facilem
1203 2457 1270 2496 con·

118 2545 273 2604 iacturam.
317 2541 357 2600 At
379 2539 456 2621 quod
479 2539 586 2599 babent
615 2540 734 2600 codices
756 2543 816 2613 bis,
851 2541 965 2601 minime
999 2549 1045 2601 est
1072 2541 1270 2615 reiiciendurn,

119 2648 206 2709 modo
229 2653 309 2705 recte
332 2645 558 2724 interpretemur
588 2645 660 2704 baec
682 2645 781 2707 verba.
826 2645 930 2704 Nonne
957 2654 1053 2706 auten
1077 2647 1170 2707 Tibi
1200 2667 1271 2728 quo·

119 2774 188 2834 que,
211 2749 451 2811 amicissime
474 2749 662 2822 bothoni,
691 2751 807 2812 videtur
828 2751 884 2810 boc
905 2752 1002 2811 dicere
1025 2761 1131 2831 poeta:
1160 2753 1269 2825 „Cato-

120 2877 186 2917 nem
210 2857 393 2938 (Uticensem
412 2854 504 2926 illum,
527 2875 593 2914 nam
616 2856 738 2915 Catonis
762 2855 897 2917 Censorii
923 2877 948 2915 s.
972 2857 1091 2918 maioris
1115 2859 1271 2919 memoriae

119 2960 309 3023 satisfactum
342 2967 388 3018 est
409 2979 427 3018 a
450 2968 539 3038 poeta
563 2961 593 3031 b,
617 2959 695 3040 842)
720 2969 840 3040 propter
867 2979 977 3020 morum
1001 2963 1188 3023 sanctitatem
1211 2984 1270 3024 um·

118 3070 191 3128 brae
214 3069 242 3126 in
264 3066 366 3142 Elysio
389 3067 533 3145 degentes
565 3065 723 3125 observant
745 3074 892 3146 tamquam
915 3087 1034 3148 regem,
1057 3069 1139 3128 cuius
1161 3070 1199 3129 ad
1220 3091 1269 3132 vu·

119 3175 265 3236 luntatem
286 3170 493 3250 arbitriumque
517 3169 640 3229 libenter
663 3190 696 3229 se
719 3171 929 3250 componant.”

208 3294 280 3356 den.
305 3296 335 3366 9,
361 3296 421 3354 146
445 3315 488 3375 sq.
535 3295 594 3354 Sed
616 3314 672 3370 ror,
695 3314 712 3354 o
735 3300 808 3368 lecti,
828 3301 910 3370 ferro
932 3299 993 3371 quir
1015 3300 1144 3357 scindere
1165 3291 1266 3356 oollam

535 3398 667 3480 Apparat
687 3411 831 3460 etruscum
844 3405 954 3460 incedit
967 3405 1140 3478 uepsdoooo
1153 3407 1270 3464 cosan?

120 3521 171 3582 Sic
202 3520 267 3580 libri
297 3519 399 3600 scripti
422 3521 551 3603 aditique
583 3543 692 3584 omnes.
748 3524 939 3608 hadewigius
969 3527 1042 3588 baec
1062 3528 1097 3588 de
1120 3548 1174 3590 sua
1196 3548 1263 3589 con·

120 3630 235 3690 icctura
257 3628 300 3687 ita
322 3628 462 3689 mutavit:

235 3732 290 3790 ’ut
311 3750 358 3791 cos
383 3774 391 3791 .
414 3773 423 3792 .
446 3775 455 3792 .
479 3776 488 3793 .

249 3837 315 3896 Non
339 3845 426 3917 parat
448 3880 715 3900 .........

120 3961 278 4022 Desiderat
311 3959 505 4042 Ladewigius
537 3962 566 4022 in
601 3964 725 4045 vulgata
755 3963 884 4023 lectione
910 3965 1087 4035 iuncturam,
1116 3979 1174 4040 qua
1195 3961 1269 4022 baec

120 4087 185 4128 cum
208 4065 405 4147 superioribus
428 4067 679 4149 conglutinentur.
726 4068 820 4135 uuidt
844 4070 868 4129 si
896 4069 998 4129 maluit
1034 4074 1124 4148 poeta
1150 4067 1270 4128 concisa

120 4172 302 4251 abruptaque
326 4171 458 4231 oratione
479 4172 537 4245 uti,
560 4174 836 4235 convenientissima
858 4174 910 4234 illa
931 4174 1045 4254 quidem
1076 4174 1152 4233 irato
1180 4173 1269 4233 turbi-

122 4278 220 4357 doque
247 4277 342 4337 animo
365 4276 481 4348 Τιιιιιὶ,
503 4277 531 4336 id
559 4278 636 4358 quod
671 4279 810 4339 neminem
844 4277 969 4361 effugiet
999 4277 1057 4338 ista
1091 4280 1187 4342 omnia
1209 4302 1268 4343 uno

124 4381 207 4463 quasi
228 4381 520 4486 tenore'legoutemq
544 4402 597 4443 nec
620 4382 706 4443 babet
727 4385 792 4455 Sed,
816 4382 894 4463 quod
916 4383 982 4464 quis
1003 4391 1086 4446 reete
1109 4384 1267 4467 improbat3
