2960 4898
141 233 163 296 8
576 230 698 300 Philippi
715 230 853 298 Wegnerl

148 405 214 446 esse
236 386 321 458 dicit,
353 405 411 466 que
432 385 462 444 in
484 404 647 458 revereor
669 407 705 444 ne
727 383 891 447 Germanici
920 383 1063 444 sermonis
1085 381 1298 442 consuetudine

147 490 287 568 deeeptus
310 491 360 549 sit.
392 489 525 569 Denique
549 489 616 568 quid
640 490 755 548 tandem
779 489 907 571 cogebat
922 489 1081 569 Vergilium
1104 489 1161 547 hoe
1183 487 1298 546 dicere:

148 595 192 654 uti
215 595 310 673 pisces
334 594 518 654 terrestrium
540 594 706 652 onimelium
736 604 870 654 naturam
899 595 1038 662 induent,
1067 593 1110 651 itu
1134 591 1213 652 cervi
1243 591 1298 670 pis·

150 700 246 758 ciunt
292 699 419 759 Constet
441 706 558 760 veteres
581 707 687 777 poetes
710 700 787 759 houd
811 700 852 759 ito
875 698 1028 758 laborasse
1050 699 1078 758 in
1094 697 1298 776 comparandis

150 802 292 863 eiusmodi
321 804 425 874 nehus,
440 804 489 863 'ut
520 802 644 861 olterurn
676 803 763 863 elteri
786 802 870 883 quasi
893 802 930 861 od
951 801 1090 860 emussim
1111 784 1299 881 respondent.

236 945 300 1004 Ecl.
323 945 346 1016 Ι,
371 943 422 1004 65.
468 945 575 1000 Oueem
598 941 799 1023 Ludewigius.
835 943 865 1001 ln
889 943 1024 1001 lemmate
1047 941 1142 1002 Servii
1156 941 1300 1000 Dresdnui

151 1060 197 1112 est
221 1053 336 1121 Oaxen,
367 1048 462 1108 etsie
486 1046 588 1126 optimi
610 1046 692 1118 libri,
720 1046 805 1126 pouci
828 1067 866 1106 ex
889 1043 1082 1106 deterioribus
1106 1048 1222 1104 Ooeem.
1267 1048 1298 1105 ln

147 1155 317 1236 llouptione
339 1151 468 1212 editione
490 1157 644 1209 excretum
668 1151 783 1212 invenio
808 1154 897 1222 Osee,
920 1149 998 1230 qnod
1020 1147 1076 1208 nisi
1098 1150 1193 1207 errori
1215 1133 1300 1228 typo·

151 1262 252 1321 thetoe
282 1257 464 1318 tribuendum
498 1263 564 1328 ent,
609 1257 838 1336 exspectandum
869 1255 946 1327 erit,
991 1255 1137 1336 quomodo
1181 1264 1302 1317 tueatur

93 1379 101 1393 “
151 1365 308 1444 Hauptius.

238 1501 300 1561 llcl.
328 1503 377 1572 10,
404 1503 453 1560 19.
498 1500 616 1572 Teneo,
639 1499 717 1579 quod
741 1499 771 1558 in
794 1499 875 1560 libris
897 1509 1015 1575 exstet,
1039 1509 1072 1561 ut
1093 1503 1218 1576 videtur,
1242 1524 1300 1563 orn·

153 1606 246 1679 nihus‚
270 1607 387 1679 solutos,
408 1601 610 1665 confirmatum
634 1603 720 1663 etiam
744 1623 762 1662 o
785 1605 900 1676 Servio,
923 1606 1176 1668 doncerefutotos
1199 1608 1300 1670 videro

153 1713 285 1772 notiones
321 1711 350 1770 in
380 1711 465 1770 Verr.
495 1711 594 1770 Lectt.
626 1710 769 1792 prolatos.
824 1711 865 1772 Ut
896 1712 1106 1794 hedewigius,
1139 1713 1182 1773 sic
1212 1714 1301 1773 etiem

153 1819 298 1897 llauptius
322 1819 412 1878 edidit
437 1821 557 1878 bubulci.
603 1817 689 1885 Quod
711 1816 833 1877 loudont
854 1816 913 1875 isto
934 1816 1091 1875 Theocriti
1118 1821 1145 1892 1,
1161 1819 1202 1876 80
1222 1811 1301 1894 „ipu-

153 1925 214 1984 θον
236 1927 280 1983 noi
301 1925 418 2002 βῶται
448 1928 498 1983 καὶ
526 1927 669 2004 nuptum,
705 1919 823 2002 ᾥπόλοι
845 1916 977 1997 iudos?
1010 1919 1038 1983 id
1068 1922 1201 2004 equidem
1232 1922 1301 1983 nihil

153 2048 267 2100 moror,
291 2029 428 2108 quoniam
449 2029 598 2088 bubulci
613 2029 720 2088 mentio
736 2027 813 2106 opud
829 2026 988 2106 Vergilium
1006 2023 1041 2084 fit
1055 2026 1189 2105 proximo
1204 2049 1300 2091 versu.

155 2133 296 2211 Coprorio
320 2135 476 2193 Theocriti
501 2135 648 2217 Vergilius
671 2131 823 2192 substituit
846 2130 1012 2204 subulcum,
1044 2150 1097 2190 nec
1126 2133 1161 2192 ub
1190 2133 1247 2192 hoe
1270 2134 1301 2194 li·

155 2236 257 2296 herere
279 2244 420 2318 poterunt
440 2246 578 2319 poetam,
601 2245 749 2319 quotquot
771 2237 902 2297 fortasse
925 2242 1027 2306 erunt,
1057 2235 1160 2317 quibus
1183 2236 1303 2298 sordeat

155 2342 293 2401 subulcus
316 2361 389 2402 nuso
413 2361 574 2424 suspensus
597 2343 722 2402 adunco.

242 2465 355 2546 Georg.
380 2466 402 2536 l,
426 2467 477 2526 35.
500 2467 634 2542 relinquit
656 2464 847 2547 ludewigius
869 2475 900 2524 et
921 2462 1078 2544 Houptlus.
1111 2464 1179 2546 ligo
1203 2467 1302 2527 etium·

157 2588 231 2628 nuno
254 2589 341 2630 servo
365 2569 520 2648 lectionem
544 2577 578 2628 ut
600 2568 805 2656 difficiliorem,
830 2567 895 2649 (sed
912 2568 1139 2648 quneexplicori
1154 2572 1305 2634 commode

156 2673 265 2752 possit)
289 2673 332 2734 ite
354 2692 500 2733 consensu
523 2673 697 2753 optimorum
722 2672 861 2732 librorum
891 2672 1106 2750 comprobatum
1137 2679 1258 2754 reliquit.
1352 2681 1354 2686 ‘

242 2796 355 2876 Georg.
383 2800 410 2867 1,
434 2798 486 2858 50.
530 2795 696 2858 Diversitos
719 2794 862 2874 quoedunr
884 2802 1107 2874 praeceptorum
1131 2799 1247 2860 videtur
1269 2804 1306 2860 Ae

155 2900 319 2983 requirere3
344 2908 375 2960 et
390 2901 446 2960 hoe
462 2899 659 2980 probaverunt
674 2899 795 2959 Lodew.
811 2907 842 2958 et
855 2898 1010 2978 Houptius.
1043 2901 1115 2962 Mihi
1129 2903 1244 2982 quidem
1262 2905 1304 2966 ito

156 3005 285 3066 videtin:
307 3006 343 3065 de
366 3005 584 3086 agricolatione
603 3003 670 3068 oum
695 3003 827 3066 dicturus
850 3012 930 3066 esset
952 3013 1059 3085 poete,
1082 3009 1203 3086 primunr
1225 3029 1302 3072 conr·

156 3129 317 3170 memorare
339 3109 461 3170 dehehet
483 3109 512 3168 id
535 3110 612 3190 quod
634 3109 799 3189 primarium
823 3117 884 3182 est,
913 3111 1094 3186 cretionem
1123 3112 1166 3172 sie
1188 3113 1239 3186 fit,
1270 3123 1304 3176 ut

157 3215 253 3274 lector
274 3213 374 3274 stetim
397 3214 432 3275 oh
455 3214 593 3295 ingresso
624 3214 653 3274 in
682 3214 803 3276 inediam
833 3233 894 3274 rem
923 3216 1069 3294 repletus.
1119 3219 1173 3278 list
1196 3227 1304 3294 tenen,

157 3319 234 3400 quod
258 3327 327 3392 ento
350 3319 507 3381 ohservare
529 3319 634 3380 dehent
656 3318 803 3399 agricole,
825 3317 900 3379 coeli
923 3319 1038 3398 solique
1055 3327 1188 3382 uotursm
1206 3323 1303 3385 colen·

157 3423 243 3503 dique
266 3423 411 3484 rotionern
433 3424 499 3484 huic
522 3423 782 3493 accommodatam,
805 3441 922 3502 quoque
945 3423 1012 3484 loco
1031 3425 1115 3503 quusi
1133 3446 1187 3506 per
1201 3449 1303 3489 nonus

156 3527 304 3588 traditum.
348 3529 393 3588 lle
415 3547 463 3588 res
486 3536 584 3588 sutem
606 3547 670 3588 cunr
692 3527 758 3608 ipse
779 3527 913 3588 oratione
936 3527 979 3587 ite
1000 3529 1158 3613 coniuncte
1179 3542 1237 3606 est,
1258 3543 1304 3608 ut,

158 3633 206 3713 qui
228 3633 258 3691 in
280 3653 316 3692 eo
340 3633 464 3714 nogotio
494 3640 576 3692 recto
606 3631 718 3695 versari
752 3630 839 3702 velit,
868 3630 928 3692 istu
955 3636 1080 3697 scientis
1112 3659 1215 3704 curere
1244 3663 1304 3703 non

157 3737 269 3815 possit3
294 3744 474 3817 quopropter
495 3746 595 3818 poeto,
617 3745 772 3818 ontoquem
797 3746 906 3819 perget
926 3740 1029 3801 orandi
1042 3753 1201 3824 proeooptu
1222 3747 1303 3820 dore,

157 3840 235 3920 quod
258 3839 293 3900 fit
315 3860 360 3901 ιι.
376 3841 417 3902 63
430 3861 506 3923 sqq„
528 3842 565 3902 de
587 3841 639 3901 illo
661 3844 763 3922 puucis
783 3846 839 3906 sihi
859 3847 1010 3910 dicendum
1026 3847 1195 3912 arbitretur.
1232 3852 1304 3914 cun

158 3953 253 4006 eutem
278 3946 421 4006 neturolis
443 3948 583 4026 quaedem
607 3948 774 4010 coniunctio
798 3951 876 4010 inter
897 3971 948 4012 ees
970 3972 1018 4014 res
1040 3954 1221 4028 intercedet,
1245 3978 1302 4019 noe

158 4051 273 4131 putavit
294 4051 349 4110 sihi
371 4051 561 4131 opponendos
584 4071 637 4130 per
659 4053 709 4124 m,
739 4055 790 4115 sed
819 4055 1001 4135 copulandos
1021 4077 1074 4137 per
1095 4061 1151 4130 to·
1181 4080 1255 4142 ques
1277 4063 1304 4122 si

157 4174 280 4237 prorsus
301 4156 447 4216 discretos
480 4157 558 4215 inter
587 4175 620 4222 se
652 4175 718 4216 esse
743 4159 872 4221 voluerit
900 4169 1003 4240 poete,
1034 4162 1097 4222 iure
1127 4165 1302 4242 mirehirnur.

159 4260 236 4341 quod
260 4260 348 4339 poulo
372 4268 442 4340 post
463 4261 540 4322 redit
554 4262 591 4320 od
605 4263 781 4336 orationem,
806 4283 859 4326 neo
874 4263 964 4329 steilo
979 4267 1191 4351 intelligemus,
1212 4292 1304 4352 quere

159 4364 262 4429 urendi
284 4376 442 4446 praecepto
465 4387 523 4427 non
546 4376 616 4429 oute
638 4367 809 4431 absolverit.
