2960 4898
200 247 244 309 14
642 247 764 316 Philippi
781 246 919 315 wigoni

202 400 254 470 19,
278 399 320 461 97
342 399 447 458 Medic.
471 419 490 458 a
511 419 548 459 ιι.
571 421 616 480 pr.
639 399 819 481 Negaviurus
841 407 940 462 autem
962 401 999 460 ad
1020 401 1056 460 A.
1070 403 1100 472 3,
1117 403 1146 461 3.
1170 402 1200 473 9,
1217 404 1249 462 9.
1272 403 1346 462 118.

199 503 362 585 Vergilium
383 512 532 564 extremas
554 505 637 565 binas
659 505 788 583 syllabas
811 507 919 566 tertiae
941 525 1086 586 personae
1103 507 1263 587 singularis
1285 525 1348 587 par·

201 606 349 669 foetorum
370 610 571 684 contraxisse3
602 609 680 691 quod
703 611 728 670 si
750 615 851 674 vorum
873 618 934 682 est,
964 619 996 670 et
1025 611 1130 693 opinor
1151 631 1217 672 esse
1238 629 1349 684 verum,

201 733 261 772 uon
280 718 321 788 it,
343 715 395 774 sed
417 719 452 774 itt
472 735 524 787 eo,
548 715 584 775 tle
605 735 665 795 quo
688 703 871 797 quaerimus,
895 715 962 776 loco
986 723 1076 796 poeta
1096 717 1251 797 scripsisse
1271 717 1348 779 uide·

200 821 288 880 bitur.
333 821 418 888 Quae
440 841 505 881 cum
528 823 570 884 ito
592 824 668 896 sint,
692 830 723 884 et
745 828 781 884 iit
800 830 831 883 et
853 827 925 883 coiit
945 832 976 884 et
998 829 1116 885 nocuit
1135 825 1223 886 etiam
1246 826 1276 886 io
1299 833 1351 906 po·=

201 933 312 986 uterum
333 928 478 989 servanda
499 928 592 1000 duco,
615 929 702 1008 idque
724 937 758 988 ut
779 927 896 1000 faciam,
921 947 1011 990 causa
1033 930 1062 990 io
1085 939 1220 1010 promptu
1241 931 1348 992 ostrei

201 1032 376 1113 optimorum
398 1032 536 1092 librorum
559 1033 617 1093 fide
639 1034 751 1114 potior,
782 1034 990 1095 auctoritatem
1011 1036 1078 1096 dico
1101 1036 1193 1116 ipsius
1215 1035 1350 1118 Vergilii.

200 1139 306 1199 Nullus
329 1147 418 1220 poeta
439 1129 589 1201 Romanus
611 1148 725 1201 tantum
747 1141 847 1202 habuit
869 1161 1054 1204 numerorum
1076 1164 1190 1218 curam,
1211 1153 1349 1226 quantam

203 1243 361 1326 Vergilius.
395 1245 461 1306 lam
483 1247 622 1307 consules
645 1246 732 1310 velim
747 1265 834 1307 auras
850 1248 947 1320 Tuas,
970 1249 1030 1309 Vir
1052 1249 1349 1332 elegantissime,

200 1348 337 1410 ferentne
359 1349 429 1411 illae
451 1351 480 1410 in
503 1371 536 1410 re
558 1351 766 1412 concitatioris
789 1351 877 1433 plena
898 1353 1001 1414 tardos
1023 1353 1099 1414 istos
1113 1373 1280 1437 segnesque
1300 1372 1350 1415 nu·

205 1475 301 1517 meros
324 1453 361 1516 G.
386 1459 416 1529 2,
437 1458 498 1534 81:

534 1580 588 1620 nec
610 1561 732 1642 longum
755 1567 885 1639 tempus,
908 1568 940 1621 et
961 1560 1068 1642 ingens

335 1723 343 1733 ,
419 1666 497 1726 uxr·
505 1674 519 1725 t
541 1667 578 1726 ao
601 1666 712 1726 caelum
737 1665 826 1724 ramis
848 1663 983 1725 felicibus
1006 1664 1104 1726 arbos.

207 1770 242 1829 A.
267 1773 296 1842 2,
317 1771 397 1829 497:
420 1769 487 1828 Non
509 1770 568 1842 sic,
592 1769 753 1852 aggeribus
776 1770 871 1848 ruptis
894 1789 956 1830 cum
981 1790 1118 1850 spumeus
1139 1771 1232 1831 amnis

418 1876 519 1936 Exit
542 1875 754 1957 oppositasque
777 1876 867 1936 evicit
888 1877 1010 1956 gurgite
1034 1876 1136 1937 moles.

202 1979 387 2052 A-.10,785:
420 1981 499 2041 Τιιιιι
523 1982 587 2062 pius
611 1982 725 2041 Aeneas
748 1982 861 2041 hastam
887 1981 972 2040 iacit:
1002 1981 1053 2040 illa
1076 2001 1129 2061 per
1151 1981 1248 2041 orbern

424 2086 500 2146 Aere
523 2105 624 2147 cavum
648 2086 773 2166 triplici,
797 2106 850 2166 per
870 2085 949 2146 linea
971 2085 1232 2172 tergatribusque

418 2192 596 2254 Transit
617 2193 760 2252 intextum
785 2192 879 2249 tauris
902 2209 986 2271 opus.

205 2298 389 2370 Alasit:
633 2303 636 2312 ‘
680 2361 682 2368 Ι
756 2296 879 2357 validum
904 2315 1028 2375 namque
1049 2295 1147 2377 exigit
1169 2317 1265 2356 ensem

422 2401 482 2462 Per
505 2401 625 2461 medium
650 2402 765 2462 Aeneas
787 2402 934 2474 iuvenem,
962 2408 1115 2481 totumque
1137 2402 1287 2476 recondit3

422 2508 591 2566 Transit
612 2514 644 2565 et
665 2526 792 2586 parmam
817 2525 915 2566 mucro
939 2517 990 2566 cot.

206 2616 241 2675 A.
265 2615 296 2686 9,
321 2615 399 2673 118ι
423 2612 497 2671 [lum
520 2612 682 2692 trepidant,
704 2617 739 2671 it
762 2611 952 2693 hastaTego
976 2632 1029 2693 per
1051 2619 1165 2692 tempus
1188 2620 1352 2693 atrurnque.

206 2719 340 2800 Denique
363 2718 440 2799 quod
463 2737 522 2777 rem
546 2717 633 2796 plane
655 2716 796 2791 conficit,
819 2717 853 2778 A.
878 2719 908 2789 5,
933 2720 1011 2777 274:

1029 2841 1161 2901 serpeus,

424 2929 520 2987 Aer-co
541 2944 625 3006 quern
650 2925 795 3007 obliquum
814 2933 882 2986 roto
903 2921 1147 3008 transIt,laut
1168 2924 1269 3008 gravis
1291 2923 1352 2984 ictu

423 3032 601 3092 seminecem
625 3031 712 3110 liquit
733 3051 808 3091 saxo
831 3031 1017 3111 lacerumque
1039 3032 1165 3104 viatore

205 3137 253 3198 ulri
276 3136 378 3198 incisio
402 3145 471 3218 post
492 3144 626 3216 quartum
649 3137 749 3216 pedem
772 3135 855 3195 facta
870 3137 1037 3196 necessario
1050 3135 1173 3215 requirit
1188 3134 1354 3213 dactylum

206 3244 284 3325 quod
307 3243 395 3303 nolin
418 3244 462 3302 ita
484 3242 629 3322 occipias,
652 3242 842 3314 Anthooi,
865 3248 908 3314 ut,
931 3241 1102 3321 ubicumque
1124 3261 1184 3302 vox
1206 3241 1353 3319 aliqnaea

206 3349 275 3408 sede
298 3347 484 3420 terminatur,
506 3348 535 3407 iu
557 3347 704 3424 dactylum
729 3367 790 3406 eam
815 3347 897 3406 exire
920 3365 1042 3405 necesse
1065 3345 1118 3417 sit,
1141 3345 1192 3404 sed
1215 3345 1351 3426 intelligo

206 3475 269 3518 eam
292 3475 461 3527 caesuram,
484 3473 559 3534 quac
581 3453 617 3513 fit
638 3462 707 3513 eote
729 3453 1010 3535 interpunctionem
1044 3473 1107 3512 nam
1139 3453 1168 3513 io
1192 3453 1355 3515 continenti

206 3561 341 3623 oratioue
362 3560 454 3641 vulgo
477 3559 624 3639 spondens
646 3559 676 3616 iu
699 3578 734 3618 ea
756 3559 825 3618 sede
848 3558 976 3638 ponitur,
999 3577 1053 3618 nec
1074 3559 1238 3632 vocativus,
1261 3566 1294 3618 ut
1317 3559 1353 3618 A.

209 3669 259 3738 10,
283 3667 345 3726 995
369 3671 400 3724 et
421 3663 498 3742 apud
521 3647 605 3722 lion.
629 3662 681 3721 cd.
709 3665 757 3734 15,
782 3665 863 3734 218,
895 3670 1026 3723 moratur
1053 3680 1167 3723 cursum
1200 3664 1353 3725 orationis.

206 3771 261 3830 list
282 3777 380 3830 autem
402 3767 553 3829 admodum
579 3768 680 3828 crebra
702 3768 774 3828 haec
796 3787 936 3842 caesura3
969 3769 1043 3828 satis
1065 3768 1157 3830 habeo
1180 3790 1218 3831 ex
1240 3789 1298 3829 uno
1321 3767 1354 3827 li·

207 3875 259 3936 bro
282 3875 394 3935 decimo
417 3873 553 3954 exempla
574 3872 698 3934 offerre:

250 3999 293 4041 vs.
317 3981 335 4040 5
359 3978 522 4040 Considunt
543 3978 630 4038 tectis
654 3976 866 4058 bipatentibus;
880 3976 885 4059 Ι
898 3977 999 4060 incipit
1020 3978 1083 4062 ipse

302 4087 336 4145 -9
359 4084 445 4151 Quae
466 4092 572 4144 contra
593 4082 714 4144 vetitum
737 4083 904 4143 discordia?
919 4079 924 4169 Ι
939 4085 1004 4164 quis
1028 4093 1121 4146 metus
1143 4090 1196 4143 ant
1217 4082 1273 4142 lros

272 4191 333 4248 215
358 4189 476 4270 lamque
498 4189 560 4248 dies
583 4187 666 4246 caelo
691 4196 896 4260 concesserat,
912 4185 917 4272 Ι
931 4189 1064 4270 almaque
1087 4207 1173 4248 curru

274 4295 334 4353 231
360 4293 444 4354 Nunc
462 4293 563 4376 pelagi
585 4291 751 4372 Nymphae,
774 4292 879 4354 classis
902 4300 961 4352 tua.
979 4289 984 4375 Ι
1000 4291 1135 4354 Perfidus
1158 4299 1191 4352 ut
1213 4273 1288 4351 uos⁸

274 4399 337 4458 212
584 4397 706 4478 clipeum
731 4415 820 4478 cape,
835 4396 841 4482 Ι
855 4417 938 4478 quem
960 4398 1040 4458 (ledit
1062 4399 1125 4479 ipsa

1459 450 1473 508 l

1461 580 1464 613 l

1461 787 1473 847 ΙΙ

1461 661 1473 720 ul

1464 893 1473 932 ι

1464 989 1473 1038 l

1465 1108 1473 1165 l

1466 1212 1473 1250 ι

1468 1309 1473 1354 l

1468 1423 1473 1460 ι

1468 557 1473 616 l

1470 1529 1473 1566 ι

1472 1635 1473 1672 l
