2940 4894
242 249 286 316 22
680 252 799 320 Philippi
815 252 951 322 Wagneri

246 428 309 468 rum
332 415 362 467 et
383 407 592 489 generandi
614 406 746 488 glorie
768 405 907 486 mellis)
941 405 1131 466 disertissime
1153 407 1326 486 pronuntiat
1348 409 1381 468 de
1450 397 1452 420 ²

246 513 464 575 meliifieetione
493 533 526 574 se
554 514 592 572 ihi
622 514 736 585 dicere,
766 532 825 570 uon
847 512 883 571 de
905 513 1111 590 procreatione
1132 533 1227 593 epum.
1273 515 1382 584 (luere,

249 621 276 678 ui
299 617 401 691 folior,
423 617 615 689 Anthoni,
646 617 807 677 essentiere
830 617 897 706 mihi
919 617 973 676 hos
992 625 1054 677 tres
1085 637 1189 679 versus
1217 638 1276 690 eo,
1311 619 1383 679 uude

247 724 332 784 eieeti
354 731 433 795 sunt,
455 720 597 782 referenti
620 723 753 802 interque
779 742 823 783 rs.
857 723 916 780 183
939 729 970 780 et
995 726 1054 782 184
1077 724 1247 783 eolloeeuti.
1292 723 1383 784 Versu

249 833 317 894 180.
332 830 369 888 do
389 829 485 888 reditu
507 847 590 908 epum
611 827 714 888 debore
736 829 839 887 diurno
860 823 1005 886 fessorum
1029 837 1288 903 commemoratum
1311 849 1383 890 oom-

246 935 332 994 mode
355 933 421 992 huie
444 932 572 992 oretioni
594 933 796 1012 adiunguntur
822 949 883 990 vss.
914 932 1057 990 203-5:
1088 933 1197 992 multoe
1226 936 1315 1013 spes,
1344 936 1383 997 sit

246 1045 345 1120 poete,
369 1057 406 1098 ne
428 1038 552 1097 redeunt
574 1037 698 1115 quidem,
721 1035 783 1106 sed,
806 1035 871 1094 dum
894 1035 1063 1095 aberrantes
1086 1045 1275 1116 pernoctem
1299 1059 1317 1098 e
1339 1040 1384 1100 vie

247 1142 310 1203 eles
333 1149 466 1202 atterunt
488 1143 565 1202 inter
586 1151 680 1212 ootes,
702 1139 802 1200 fessae
825 1159 914 1200 onere
926 1141 1136 1220 opprimuntur.
1181 1141 1258 1208 uuio
1272 1143 1383 1202 multet

245 1267 294 1308 res
316 1247 381 1326 ipse
403 1247 544 1326 loquitur.

331 1352 368 1411 G.
393 1355 424 1424 4,
446 1353 519 1410 504.
566 1350 625 1422 om
643 1349 710 1420 tem
733 1349 831 1418 uano,
854 1367 912 1426 que
933 1353 1049 1408 oumtou
1070 1369 1139 1408 ooee
1160 1353 1305 1412 moueret?

244 1475 316 1532 puae
345 1461 461 1516 numios
494 1453 703 1534 hedewigius3
732 1461 813 1512 reete
842 1453 986 1532 Heuptius
1022 1474 1131 1514 meeum
1161 1475 1232 1531 puo3
1264 1457 1382 1535 primum

245 1561 320 1619 euim
354 1566 422 1638 epte
454 1557 508 1617 sibi
537 1557 717 1636 respondent
745 1557 804 1628 Ouo
831 1557 897 1628 flete
920 1600 926 1614 .
951 1601 957 1618 .
982 1601 989 1618 .
1012 1579 1066 1634 pso
1095 1579 1178 1632 eoem
1211 1568 1242 1620 et
1264 1571 1382 1622 eoustet

245 1665 346 1724 erebro
370 1663 443 1722 tolio
462 1661 612 1741 componi3
645 1668 707 1718 tum
728 1661 962 1720 commemoratis
983 1663 1134 1734 Manibus,
1160 1665 1189 1723 ·i.
1212 1684 1239 1725 e.
1264 1666 1320 1726 diis
1343 1668 1380 1726 in·

244 1769 327 1841 feris,
350 1787 451 1848 perum
474 1766 623 1826 commode
646 1764 838 1824 subiiceretur
860 1766 915 1826 hoe
945 1786 1016 1843 quoe
1045 1771 1178 1840 nomino,
1209 1771 1294 1848 quusi
1327 1791 1380 1831 nou

244 1874 332 1934 etiem
355 1873 394 1931 dii
416 1870 503 1931 inferi
526 1890 630 1932 numen
653 1870 789 1930 hebeeut.

327 1978 400 2037 Aeo.
425 1981 453 2050 4,
476 1979 547 2037 426.
591 1979 664 2034 duro
686 1979 916 2051 moptstrotmqee
936 1979 1031 2053 tepent
1049 1988 1227 2054 teretemque
1248 1989 1380 2038 semum.

244 2082 366 2141 Versum
388 2083 464 2141 hune
489 2102 507 2142 e
529 2080 628 2141 multis
650 2080 679 2138 in
702 2079 891 2158 suspitionem
916 2082 1039 2153 νοθείας
1067 2091 1203 2143 vocatum
1232 2083 1316 2142 urreis
1340 2084 1377 2140 in·

243 2187 332 2247 elusit
354 2186 564 2266 Iredewigius,
586 2185 713 2263 itemque
734 2184 895 2263 Houptius3
922 2192 953 2245 et
974 2185 1109 2247 stellules
1129 2195 1199 2247 ente
1221 2207 1239 2247 e
1261 2207 1307 2247 me
1330 2207 1378 2246 re-
1454 2191 1455 2206 ¹

243 2298 337 2351 motos
360 2309 436 2350 nuno
459 2291 523 2371 ipse
544 2288 727 2368 reponendos
751 2307 868 2348 eeuseo.

261 2427 263 2432 v
328 2396 400 2456 Aen.
425 2398 453 2467 1,
475 2395 548 2454 448.
593 2395 684 2452 Aerem
706 2397 753 2451 cut
774 2390 910 2469 proditus
931 2395 1082 2472 serpebant
1103 2398 1201 2454 iimina
1225 2415 1376 2478 oexeeque

603 2499 677 2556 Aere
697 2499 799 2558 modes.

240 2604 328 2660 πᾶσαι
349 2601 460 2679 reeepit
481 2601 691 2682 hedewigius‚
718 2602 787 2661 item
810 2601 971 2680 fleuptius3
1001 2619 1076 2660 uuus
1105 2620 1164 2682 ego
1196 2621 1313 2684 quoque
1335 2605 1379 2663 de·

241 2725 310 2766 sero
333 2704 456 2764 Medioei
479 2707 696 2776 auctoritatem,
720 2706 749 2763 in
772 2724 830 2785 quo
854 2712 1023 2764 estmoe.

237 2877 241 2886 ,
328 2811 401 2870 Aen.
426 2813 456 2881 2,
479 2812 553 2870 290.
595 2814 656 2868 mit
676 2810 738 2869 eito
763 2829 782 2867 o
804 2812 923 2868 eulmine
947 2813 1041 2868 Proto.

242 3018 454 3080 confirmatum.
497 3019 686 3100 ludewigius
709 3021 821 3098 recepit
842 3021 900 3077 otta
921 3019 1056 3079 Johnium
1080 3026 1209 3091 seeutus,
1232 3021 1306 3080 idem
1331 3042 1379 3081 ex·

241 3127 319 3188 hibet
342 3127 497 3206 Hauptius.
541 3127 573 3186 Si
602 3144 701 3188 verum
723 3132 770 3182 est
791 3127 865 3196 otta,
902 3123 947 3206 (et
976 3126 1039 3206 ipse
1069 3145 1145 3185 nuno
1176 3133 1247 3205 puto
1280 3146 1379 3187 verum

242 3229 323 3310 esse)
349 3252 406 3291 non
429 3233 554 3291 estimo
576 3240 634 3291 tem
657 3237 778 3312 propter
808 3229 997 3291 imitationem
1019 3232 1136 3292 Homeri
1170 3229 1275 3310 (ὤλετο
1297 3235 1380 3293 πᾶσα

241 3333 307 3400 κατ’
332 3335 422 3420 ἄκρης
432 3335 528 3412 Ἴλιος
551 3335 713 3411 αἰπεινή)
737 3336 867 3414 quemvis
891 3335 1074 3396 manifestem
1097 3337 1262 3409 tenendum,
1284 3344 1319 3396 ut
1342 3339 1380 3398 vi·

240 3463 302 3504 sum
317 3450 365 3502 est
378 3442 563 3523 hedewigio,
586 3461 670 3521 quom
680 3441 758 3521 quod
766 3440 902 3500 obsolute
912 3462 965 3520 per
987 3462 1021 3502 se
1041 3443 1157 3502 videtur
1178 3462 1245 3502 esse
1268 3442 1379 3503 locutio

239 3567 259 3606 o
279 3550 399 3606 eulmine
419 3565 522 3618 ruere,
552 3546 788 3626 quemadmodum
810 3542 874 3606 κατ’
899 3544 987 3627 ἄκρης
1010 3543 1153 3619 ὀλέσθαι,
1187 3566 1263 3627 quee
1284 3547 1379 3607 ediec·

240 3659 301 3711 tum
322 3650 384 3711 tole
406 3650 484 3730 quid,
507 3651 594 3730 queis
617 3653 683 3722 aito,
705 3658 837 3729 respuet,
860 3669 914 3709 nee
936 3650 1064 3710 edditum
1076 3658 1123 3710 est
1138 3672 1183 3712 vs.
1197 3653 1259 3712 603
1284 3662 1378 3726 „ster-

239 3756 340 3836 nitque
360 3775 378 3814 e
401 3754 525 3814 eulmine
541 3752 696 3815 Troiem.”
740 3755 779 3812 ut
796 3751 960 3834 ‘potuerunt
983 3756 1108 3827 librarii,
1138 3764 1171 3816 ut
1194 3761 1251 3818 otto
1273 3760 1378 3819 seribe-

238 3867 316 3932 rent,
338 3877 374 3918 eo
388 3858 495 3929 induci,
518 3858 595 3938 quod
611 3858 801 3918 meminerant
813 3859 865 3919 ille
881 3878 918 3918 se
936 3861 1003 3928 auo,
1026 3862 1063 3918 ab
1085 3863 1142 3920 otto
1164 3861 1210 3922 vei
1233 3880 1253 3919 o
1272 3881 1379 3922 sommo

241 3967 361 4025 eudntoe
383 3963 483 4022 multis
496 3963 580 4022 meis
603 3967 732 4044 scripte,
770 3983 844 4045 queo
866 3964 902 4025 de
924 3965 996 4026 teeti
1018 3965 1173 4026 altitudine
1194 3967 1240 4030 vei
1263 3970 1377 4028 summi·

240 4069 494 4150 tote-eooipieudo
515 4074 594 4128 sunt.
1255 4084 1258 4090 ·

323 4175 396 4234 Aen.
420 4179 449 4245 2,
472 4175 547 4234 349.
589 4175 614 4230 st
634 4172 712 4231 sotis
734 4173 888 4233 audentem
909 4181 1035 4232 mmo
1057 4175 1160 4246 eupido

501 4280 584 4338 Certo
605 4281 691 4354 sequi,
713 4295 784 4352 quoe
805 4282 843 4336 stt
861 4278 944 4336 retus
962 4282 1080 4353 fortuma
1101 4279 1208 4336 videtis.

239 4383 369 4455 audendi,
392 4382 470 4463 quod
492 4390 539 4444 est
558 4383 586 4444 in
609 4382 740 4444 Medioeo
763 4380 886 4462 aliisque
910 4381 1005 4456 tibris,
1038 4382 1150 4461 recepit
1171 4381 1372 4462 hedewigius,

106 2973 111 2993 ,
241 2917 298 2974 otto
320 2915 479 2987 edideram,
511 2921 544 2975 ut
565 2915 733 2994 superiores
751 2915 903 2985 editores,
927 2923 956 2974 et
980 2914 1103 2973 otiorum
1126 2922 1156 2974 et
1177 2915 1300 2976 Medioei
1324 2917 1380 2978 fide
1455 2913 1456 2930 ¹
