2940 4894
242 253 286 314 92
664 248 784 316 Philippi
802 248 939 315 Wagneri

326 404 360 463 Ε.
383 405 414 464 8.
458 403 531 463 mn
554 403 682 463 carmina
704 403 876 483 Vergiliana
906 403 1060 464 emendare
1082 421 1247 485 eggressus
1278 423 1384 474 essem,
1453 435 1454 450 ι

241 508 360 570 multum
391 509 458 568 mihi
487 508 601 589 negotii
630 508 773 589 llologam
804 517 938 570 octavam
964 507 1115 570 facessere
1138 508 1271 580 memini,
1303 509 1386 568 cuius
1453 501 1454 504 ¹

241 632 305 673 cum
327 614 442 693 aliquot
463 614 601 692 stropbes
624 613 688 692 pari
710 613 788 672 inter
809 633 842 673 se
866 633 985 672 numero
1009 634 1076 674 esse
1098 614 1249 684 vidissem,
1272 614 1322 672 diu
1346 615 1386 674 la·

240 717 395 789 borabam,
418 726 452 777 ut
474 726 569 777 tntum
591 738 708 779 carmen
731 738 750 777 a
771 739 816 779 rs.
843 720 880 777 17
903 736 995 797 usqne
1018 721 1054 778 ed
1076 717 1162 778 tinem
1185 719 1221 778 ed
1245 719 1331 798 leges
1356 719 1384 778 in

239 823 452 902 antistropbico
475 842 586 903 genere
613 843 632 883 e
655 823 776 883 Graecis
806 823 977 884 observatas
1009 824 1171 904 exigerem.
1216 823 1385 903 lloprebeu·

240 927 333 987 dimus
356 927 541 1008 stropharum
567 928 648 1008 paria
670 929 704 986 ll.
729 931 759 999 3,
783 929 933 989 tiu-1⁰7
957 935 988 988 et
1012 935 1041 999 l,
1059 930 1197 988 21-68.
1240 927 1386 987 Memora·

238 1032 297 1094 bile
319 1039 384 1104 est,
421 1033 498 1112 quod
533 1033 562 1092 in
592 1041 718 1112 utroque
751 1033 807 1093 hoc
837 1040 989 1112 poemate,
1023 1035 1054 1104 e,
1077 1033 1117 1092 59
1151 1040 1182 1092 et
1216 1035 1246 1104 7,
1278 1035 1318 1091 18
1342 1052 1387 1112 sq.

239 1145 330 1220 poete
351 1137 479 1197 lectores
502 1139 700 1198 admonendos
723 1139 839 1218 putavit
874 1139 945 1199 haec
976 1139 1104 1198 carmine
1134 1156 1201 1198 esse
1228 1157 1245 1196 e
1272 1157 1386 1218 genere

240 1242 407 1302 amoebeeo.
457 1242 597 1302 Nimirum
625 1251 742 1304 veteres
775 1244 899 1308 Romani
931 1250 1037 1322 poetae
1069 1242 1157 1302 nullis
1189 1242 1236 1302 nsi
1264 1241 1388 1302 fuerent

240 1347 398 1428 stropbicis
420 1348 592 1406 carminibus
616 1347 686 1428 (nisi
708 1348 790 1408 forte
811 1348 840 1408 in
863 1368 896 1407 re
918 1347 1041 1426 sacra),
1074 1346 1173 1427 qualia
1202 1347 1386 1408 recentiores

240 1453 371 1523 demum,
394 1451 527 1512 Graecos
549 1453 670 1524 imitati,
692 1452 792 1514 fecere
814 1453 1014 1514 instituerunt.
1067 1452 1156 1511 Nulla
1184 1451 1250 1512 hnic
1281 1451 1386 1514 similis

241 1557 402 1617 admonitio
424 1556 507 1616 facta
529 1563 576 1616 ost
597 1557 661 1616 llcl.
684 1559 703 1616 5
723 1565 754 1615 et
775 1559 813 1629 8,
836 1575 1008 1638 quamquem
1031 1575 1106 1637 quae
1128 1557 1182 1617 sibi
1203 1558 1387 1636 respondent

240 1669 341 1744 pentes
365 1663 398 1723 ll.
421 1664 453 1732 5,
477 1663 605 1721 20-44
627 1667 659 1720 et
680 1661 820 1731 cll-80,
847 1679 946 1722 earum
976 1669 1129 1740 utramque
1153 1661 1264 1722 vicenis
1287 1662 1385 1740 quinis
1414 1736 1418 1756 ί
1455 1669 1456 1684 ’

238 1766 389 1838 uersibus,
421 1783 493 1826 carn
513 1763 661 1826 ·fcrtesse
697 1766 791 1845 magis
827 1785 912 1846 quan
948 1767 1090 1837 consilio,
1126 1764 1299 1844 complexus
1339 1774 1385 1826 est

239 1878 346 1951 poeta,
369 1871 485 1951 Eulogo
507 1873 526 1930 8
551 1877 647 1931 autem
669 1870 784 1950 aliquot
806 1870 944 1949 strophes
966 1871 1054 1933 babet
1075 1870 1154 1951 paris
1177 1870 1383 1951 longitudinis.

239 1976 278 2037 Et
299 1963 388 2037 fec'ile
410 1975 580 2036 crediderim
603 1976 631 2035 id
653 1976 802 2036 studuisse
824 1975 996 2056 Vergilium,
1019 1981 1052 2034 ut
1073 1973 1138 2034 tere
1159 1974 1237 2035 inter
1259 1995 1293 2034 se
1316 1994 1382 2036 con·

238 2081 353 2144 veniret
376 2100 511 2140 numerus
533 2098 670 2141 versuum
692 2081 720 2140 in
743 2081 874 2160 strophis
898 2080 952 2141 sibi
975 2080 1182 2160 aliquomodo
1205 2082 1382 2159 responden·

239 2187 328 2258 tibur,
349 2187 412 2258 sed,
435 2187 503 2266 quia
525 2186 675 2245 Romanor
697 2206 756 2245 non
779 2186 900 2246 multum
923 2186 989 2246 hnic
1011 2183 1192 2246 artificiosae
1207 2185 1318 2245 rationi
1333 2185 1381 2246 tri·
1456 2173 1457 2238 Ῑ

239 2292 327 2352 bnerc
348 2291 505 2362 indiceret,
528 2310 586 2350 non
609 2290 692 2350 nimis
720 2291 807 2351 anxie
836 2290 988 2370 quaesisse
1017 2291 1104 2350 talem
1134 2289 1382 2370 aequabilitatem,

239 2397 430 2477 similiterque
451 2397 482 2456 in
504 2415 539 2458 ee
561 2402 764 2458 reversatum
787 2415 871 2468 esse,
904 2403 994 2474 atque
1023 2395 1052 2455 in
1082 2415 1207 2456 caesura
1237 2395 1382 2472 bucolica,

239 2523 325 2584 quam
348 2502 406 2562 etsi
435 2501 529 2562 abeo
560 2521 618 2560 non
649 2501 816 2582 ignoratam
844 2519 911 2561 esse
938 2501 1003 2580 ipsa
1029 2520 1077 2560 res
1104 2500 1251 2580 loquitur,
1284 2507 1382 2563 tamen

240 2607 370 2690 plurimis
393 2606 467 2666 locis
489 2605 646 2687 negligere
668 2625 732 2666 eam
754 2626 813 2665 non
836 2606 999 2678 dubitarit,
1027 2605 1103 2665 haud
1124 2605 1254 2676 veritus,
1278 2625 1317 2664 ne
1337 2627 1381 2666 re·
1457 2665 1458 2674 ,

238 2712 467 2795 prehenderetur
496 2719 653 2791 propterea
674 2729 693 2770 a
715 2710 904 2791 popularibus
933 2710 1004 2770 suis.
1057 2711 1159 2790 ltaque
1186 2728 1249 2769 cum
1273 2711 1380 2772 nullam

238 2818 414 2900 probcbilem
434 2817 531 2888 viam,
564 2835 622 2896 que
651 2816 819 2876 desiderate
850 2815 902 2874 illa
930 2816 1117 2894 stropharum
1145 2816 1314 2877 accuratior
1338 2837 1380 2878 re·

238 2923 359 3004 sponsio
382 2921 444 2981 llcl.
467 2923 487 2980 8
511 2920 708 2992 inveniretur,
738 2919 806 2979 iniri
837 2938 926 2999 posse
952 2919 1019 2978 mihi
1050 2920 1278 2999 persensissem,
1301 2921 1380 2980 nolui

237 3029 346 3090 diutius
373 3028 402 3087 in
425 3047 461 3086 ea
490 3028 656 3105 quaerenda
686 3025 782 3086 oleum
813 3032 843 3086 et
873 3043 991 3103 operam
1025 3024 1156 3103 perdere.
1213 3023 1274 3084 Sed
1304 3026 1381 3105 quod

236 3135 297 3217 ‘ego
331 3133 569 3213 desperaveram,
606 3131 635 3190 id
664 3128 801 3190 effectum
834 3128 914 3189 dedit
944 3127 1150 3188 Godofredi
1180 3129 1380 3188 Hermanni

238 3239 389 3322 sagacitas
412 3237 448 3296 ad
481 3236 567 3295 Bion.
591 3234 686 3294 Carni.
710 3235 732 3294 l.
755 3255 783 3313 p.
808 3235 849 3294 bd
871 3252 936 3313 sqq.
994 3232 1134 3292 Continet
1153 3232 1237 3319 'haec
1264 3233 1381 3314 Eclogc

237 3341 447 3406 duo'carmina
469 3340 524 3400 sibi
547 3338 776 3419 respondentia,
799 3357 896 3408 unum,
920 3338 998 3417 quod
1019 3356 1123 3400 versus
1148 3337 1286 3408 17-61,
1309 3337 1380 3398 alte·

238 3469 311 3521 rum,
335 3447 412 3527 quod
434 3465 495 3506 ves.
519 3445 669 3505 lte-109
693 3442 929 3522 comprehendit,
953 3443 1008 3502 boc
1030 3461 1165 3502 versuum
1188 3443 1317 3502 tonum
1344 3443 1382 3506 ¹0

238 3551 369 3618 versibus
401 3548 642 3619 intercalaribus,
682 3546 754 3606 illud
787 3565 922 3607 versuum
952 3549 992 3604 bb
1016 3564 1080 3604 cum
1104 3548 1123 3604 e
1150 3543 1382 3606 intercalaribus.

237 3659 281 3718 Ac
302 3656 391 3718 facilc
414 3654 575 3734 largiemur
587 3653 657 3714 Viro
677 3652 925 3714 excellentissimo
948 3669 1064 3714 versum
1086 3650 1290 3710 intercalarem
1314 3661 1384 3732 post

238 3785 283 3827 vs.
307 3764 347 3824 28
370 3760 545 3820 intercidere
567 3759 716 3838 potuissc;
750 3777 816 3816 nam
843 3758 921 3836 qnod
943 3762 1099 3837 proeteree
1127 3755 1229 3815 scribit
1249 3753 1383 3816 tortasse

188 3931 192 3939 ,
237 3866 349 3928 factum
372 3884 459 3935 esse,
482 3872 516 3923 ut
539 3864 679 3924 eiusmodi
703 3882 817 3923 versum
840 3863 937 3924 eliene
959 3879 1060 3922 manns
1083 3868 1152 3940 post
1175 3880 1217 3921 vs.
1241 3862 1281 3920 75
1304 3865 1382 3925 eddi·

237 3973 328 4046 derit,
350 3972 378 4031 id
394 3969 486 4030 minus
509 3969 667 4030 verisimile
688 3968 830 4028 duxerim.
875 3968 925 4028 Sic
947 3973 1091 4046 aequetur
1108 3983 1253 4038 versuum,
1273 3968 1323 4046 qui
1336 3977 1382 4030 est

238 4078 267 4138 in
289 4083 416 4156 utroque
437 4074 575 4146 carmine,
598 4091 753 4144 numerus,
783 4079 947 4154 aequantur
978 4071 1064 4130 etiam
1096 4075 1236 4150 septenae
1266 4069 1382 4150 priores

238 4183 388 4261 strophae.
433 4181 604 4260 Sequuntur
632 4186 734 4238 ternae
766 4178 886 4239 ultimae
918 4176 980 4258 legi
1011 4176 1054 4235 illi
1076 4171 1284 4252 refragantese
1315 4195 1381 4236 nem

238 4287 345 4369 prioris
367 4286 503 4346 carminis
525 4284 648 4364 strophe
669 4289 776 4346 octava
799 4281 957 4364 (bl-llll)
980 4287 1121 4363 quattuor
1150 4277 1237 4338 babet
1264 4299 1379 4352 verens,

240 4411 317 4453 ncne
339 4390 498 4472 (oe-ed)
521 4391 665 4472 quinque,
686 4388 798 4450 decime
819 4388 978 4478 (ee-eo)
1009 4394 1092 4456 mes,
1121 4391 1226 4446 conus
1257 4383 1379 4446 ulterius
