2960 4898
549 196 692 248 luertione·
710 195 893 263 Vergilium.
1252 201 1293 263 53

144 359 217 412 ctus
241 351 407 430 suspicatur
430 351 526 413 rerba
548 355 659 410 ΘΗΜ
689 371 770 411 assor
797 363 1005 412 cremasse
1040 353 1222 423 adventicia,
1252 373 1297 450 sq

148 455 212 516 lnm
240 455 365 516 alterum
395 454 607 514 hemistichium
635 457 747 528 formae
777 460 889 532 lampae
914 466 1053 530 potentur
1088 456 1298 537 Vergilianum,

149 560 182 618 in
206 579 242 619 eo
266 577 382 638 qnoque
412 557 537 618 fallitur.
596 558 669 618 Nam
698 578 762 619 cum
792 560 885 620 multa
914 568 1070 621 consteta
1098 561 1230 640 Vergilio
1253 581 1296 621 re·
1420 595 1424 604 .

149 663 226 722 licta
254 681 321 722 esse
355 662 537 722 hemistichia
569 683 627 722 non
665 663 700 722 ud
735 664 896 724 hexametri
928 665 1128 745 integritatem
1167 663 1296 744 expleta,

148 767 264 828 nullum
287 771 344 838 est,
367 767 443 845 quod
467 767 659 846 posteriorem
683 775 794 827 tantum
819 775 930 848 portem
953 769 1115 831 hexametri
1138 769 1266 848 impleat.

241 871 313 930 Aen.
339 871 389 940 10,
413 873 485 930 237.
533 873 596 930 Telo
618 875 692 930 ister
705 875 798 930 medio
812 882 894 947 utque
909 873 1056 932 horrentia
1069 875 1157 931 llarte
1169 875 1292 932 ludusa.

149 977 281 1032 ardensis
312 975 400 1032 Μανία
429 974 619 1054 ludewigius
642 982 673 1034 et
702 975 848 1055 Hauptius
882 975 918 1033 de
955 975 1103 1034 sententie
1132 975 1290 1035 Ribbeckii.

148 1078 293 1157 Equidem
315 1077 362 1138 vel
384 1085 552 1157 propterea,
575 1079 653 1158 quod
673 1079 852 1151 Mediceum‚
881 1079 1050 1159 ubicumque
1073 1081 1102 1139 id
1124 1088 1206 1139 reete
1227 1079 1291 1140 lieri

149 1183 234 1253 licet,
258 1181 433 1260 sequendum
457 1182 524 1241 mihi
546 1183 649 1253 statui,
671 1183 784 1243 retineo
805 1184 960 1256 horrentis,
982 1183 1060 1262 quod
1082 1191 1130 1242 est
1151 1183 1180 1243 in
1204 1183 1290 1242 omni·

148 1287 206 1346 bns
228 1285 309 1347 libris
331 1293 456 1377 excepto
486 1305 544 1346 uno
568 1286 707 1346 Palatino
739 1287 814 1366 apud
837 1286 1026 1347 Ribbeckium
1049 1307 1119 1368 pag.
1142 1291 1200 1360 413
1231 1295 1289 1347 tum

147 1393 303 1471 horreatis,
326 1387 403 1470 quod
428 1398 476 1450 est
497 1389 647 1451 difficilius
670 1391 706 1452 ad
730 1390 944 1471 explicandum,
964 1389 1082 1450 facilius
1103 1393 1133 1450 in
1155 1395 1291 1459 ardeatis,

148 1496 209 1554 nisi
232 1495 260 1554 id
284 1515 391 1554 merum
415 1503 461 1554 ert
484 1494 633 1567 mendum,
665 1495 772 1554 mutari
799 1494 918 1574 poluit,
949 1515 1032 1578 quam
1062 1497 1120 1556 hoc
1150 1496 1179 1554 in
1209 1497 1290 1556 illud.

147 1599 215 1660 Nec
236 1607 307 1677 puto
331 1618 407 1668 esse,
430 1598 507 1677 quod
529 1597 716 1678 desperemus
738 1599 774 1658 de
795 1598 970 1677 explicando
993 1600 1049 1658 boo
1071 1599 1212 1680 epitheto,
1237 1621 1289 1662 nee

147 1703 320 1781 desperavit
333 1702 473 1779 lleynius.
518 1703 561 1760 Eu
582 1701 688 1774 Tibi,
711 1701 895 1774 Anthoui,
921 1705 971 1773 11,
984 1705 1044 1762 601
1065 1723 1121 1783 sq„
1143 1704 1201 1776 ubi,
1222 1705 1288 1764 dnm

147 1807 190 1867 ad
212 1826 340 1886 pugnam
365 1806 543 1885 praecedunt
565 1806 695 1886 equites,
725 1806 808 1878 „late
831 1805 947 1865 ferreus
969 1807 1062 1868 hostis
1084 1807 1194 1869 Horret
1215 1829 1290 1891 ager

147 1911 304 1989 campique
333 1909 421 1968 armis
449 1908 617 1969 sublimibus
645 1910 787 1982 urdeut’';
817 1918 941 1989 apparet
972 1931 1029 1970 non
1060 1911 1151 1989 ipsum
1186 1930 1290 1992 agrum

147 2017 282 2085 horrere,
306 2014 356 2072 sed
378 2020 508 2072 armatos
529 2012 659 2072 homines
681 2012 783 2073 hastos
805 2013 921 2072 crebras
943 2014 1106 2094 densasque
1129 2005 1288 2096 erigentes.

146 2120 192 2180 Ut
221 2117 307 2178 breve
336 2116 457 2177 faciam:
487 2117 641 2176 horrentes
664 2116 761 2176 Marte
782 2115 881 2176 Latini
912 2115 982 2176 nibil
1007 2115 1146 2178 differunt
1177 2120 1212 2179 ab
1242 2120 1288 2192 iis,

147 2244 226 2306 qnos
247 2230 337 2302 poeta
363 2225 419 2292 10,
445 2224 504 2282 178
528 2221 662 2292 „densos
684 2220 869 2282 horrentibus
892 2222 1005 2280 armis’'
1028 2223 1198 2302 appellavit,
1218 2226 1238 2285 i.
1261 2246 1285 2284 e.

148 2327 306 2411 αἰχμητάς,
332 2325 522 2408 alludentes,
548 2347 622 2408 quos
644 2327 688 2388 ita
709 2328 920 2408 interpretatus
943 2335 990 2388 est
1010 2328 1169 2409 Vergilius.

236 2434 307 2492 Aen.
334 2435 382 2503 10,
406 2433 479 2492 293.
523 2431 653 2491 Advertit
671 2432 760 2492 solito
782 2451 900 2510 proras.

142 2557 267 2616 morum
289 2537 480 2616 hadewigius
502 2543 533 2596 et
555 2535 710 2616 llauptinr,
728 2556 835 2612 proras
856 2556 956 2598 omnes
978 2535 1060 2608 libri,
1091 2535 1178 2596 etiam
1199 2535 1286 2595 lledi·
1388 2547 1391 2554 ’

146 2661 237 2714 cens,
268 2642 322 2702 uisi
353 2641 430 2720 quod
459 2641 488 2700 in
511 2641 568 2699 hoe
585 2659 706 2714 prorum
728 2641 879 2703 substituit
900 2644 1027 2705 secunda
1049 2661 1159 2702 manus.
1216 2641 1286 2699 Sen-
1372 2640 1375 2646 '

145 2745 243 2807 tentia
265 2752 418 2825 utrumqne
440 2745 567 2824 patitur3
589 2765 653 2806 nam
676 2753 706 2805 et
728 2766 800 2808 suae
822 2749 903 2810 navis
924 2768 1041 2830 proram
1063 2743 1190 2807 advertit
1210 2745 1285 2802 Tar·

146 2852 225 2910 chon
246 2849 343 2919 litori,
365 2857 396 2908 et
418 2857 579 2909 ceterarum
603 2871 706 2929 proras
728 2851 840 2912 adverti
871 2853 943 2913 vult.
987 2855 1090 2932 ltaque
1111 2869 1174 2910 cum
1197 2848 1285 2909 hledi·

146 2957 193 3016 cei
217 2956 414 3015 testimonium
436 2954 630 3016 adulteratum
653 2956 687 3015 ab
710 2956 808 3037 aliquo
831 2957 974 3028 videatur,
997 2956 1045 3035 qui
1067 2954 1198 3015 fortasse
1220 2973 1284 3032 pro-

146 3070 218 3144 pter
247 3083 360 3124 versum
390 3063 454 3124 297
484 3061 657 3142 „Frangere
680 3080 733 3121 uec
754 3061 808 3122 tali
830 3062 972 3141 puppim
1001 3060 1130 3120 statione
1159 3059 1285 3118 reeuso’'

143 3186 274 3244 murum,
297 3189 355 3228 non
375 3185 496 3242 moros,
527 3166 684 3247 legendum
712 3167 942 3237 existimaverit,
977 3164 1065 3224 nolim
1094 3170 1237 3224 retentum
1267 3181 1284 3220 a

147 3293 194 3334 me
217 3273 371 3332 lectionem
393 3272 539 3332 deserere.

235 3378 307 3436 Aen.
323 3381 372 3449 10,
383 3379 455 3437 303.
499 3379 623 3452 Namque
644 3377 753 3448 inflicto
774 3376 856 3436 vadis
879 3378 964 3434 dorso
986 3376 1049 3432 mm
1059 3376 1164 3446 pendet
1176 3370 1282 3446 iniquo.

146 3485 215 3541 nodi
236 3485 321 3540 dorso
342 3479 532 3562 Ladewigius
555 3489 585 3541 et
606 3481 768 3560 Hauptius,
792 3481 868 3559 quod
890 3480 918 3538 iu
941 3478 1022 3537 nullo
1045 3477 1145 3538 codice
1167 3477 1284 3546 lectum,

149 3593 354 3666 praeterquam
381 3586 411 3643 in
434 3585 590 3655 Psintino,
621 3584 805 3646 commendat
825 3582 999 3644 Ribbeokius
1028 3602 1098 3662 pag.
1120 3583 1173 3641 10.
1216 3581 1283 3640 Scr-

147 3692 231 3754 vius:
261 3689 397 3762 „Probus
418 3692 498 3748 cudis
519 3691 604 3748 dorso
627 3711 678 3769 pro
700 3689 776 3750 vodo
804 3688 910 3750 dietum
933 3694 1034 3768 putat,
1064 3686 1147 3746 utin
1170 3685 1282 3766 Georg.

149 3798 179 3867 3,
202 3797 265 3854 436
288 3797 372 3852 dorsu
390 3790 547 3865 aemora”,·
570 3791 621 3853 sed
642 3795 671 3853 id
694 3793 786 3874 ipsum
803 3793 970 3853 mendosum
981 3811 1047 3852 esse
1063 3791 1167 3871 probat
1188 3808 1283 3850 exem·

146 3901 225 3980 plum
249 3919 265 3958 e
286 3899 444 3978 Georgicis
466 3899 619 3958 adiectum.
663 3898 835 3970 Praeterea,
856 3906 889 3957 ut
903 3904 1015 3958 taceam
1038 3894 1159 3976 proclivi
1182 3913 1283 3954 errore

148 4012 307 4066 extremam
331 4003 446 4064 literam
468 4003 602 4063 vocabuli
629 4006 710 4064 nodis
738 3981 845 4064 omitti
863 4000 1012 4083 potuisse,
1041 4000 1166 4082 vulgata
1194 4000 1283 4060 lectio

147 4130 201 4189 per
223 4127 255 4168 se
278 4115 325 4168 est
347 4106 614 4179 commendabilior,
646 4107 715 4186 quia
736 4108 831 4170 serbis
853 4107 960 4183 inflato
981 4107 1060 4164 rudis
1082 4122 1172 4163 causa
1191 4103 1281 4164 reddi·

147 4224 213 4285 tur,
236 4231 327 4293 quare
349 4211 413 4283 fiat,
436 4220 469 4270 ut
490 4211 616 4290 pendeat
636 4211 735 4272 dorso.

232 4316 305 4378 Aen.
332 4317 383 4387 10,
405 4317 479 4376 417.
524 4317 594 4374 Futu
616 4333 724 4376 canens
746 4317 820 4378 siluis
841 4316 953 4388 paritor
974 4313 1084 4372 celero!
1104 4313 1259 4372 Halaesum.
