2960 4898
161 254 183 315 4
604 252 725 321 Philippi
741 253 878 319 Wagneri

161 408 335 466 detrimento
358 407 493 468 veritatis
515 406 626 466 factum
649 426 716 468 esse
738 407 795 466 etsi
825 426 883 466 non
906 405 1072 478 dissimulo,
1104 413 1202 466 tamen
1230 405 1306 486 apud

161 512 355 572 modestiores
377 512 509 571 bomines
532 531 648 591 semper
668 510 789 570 multum
811 511 920 573 valebit
941 511 1076 570 iudicium
1099 529 1210 582 eorum,
1233 529 1308 589 quos

159 637 252 697 aeque
275 616 427 676 doctrinae
449 623 538 696 atque
560 617 672 697 ingenii
699 616 786 677 laude
819 614 927 676 llorere
956 616 1098 675 novimus.
1143 614 1249 674 Verum
1271 633 1307 673 aa

158 741 206 781 res
228 721 295 802 plus
317 722 406 782 semel
429 721 588 781 sollicitum
610 741 655 780 me
678 720 791 792 babuit,
825 720 902 802 quod
925 720 1016 801 longe
1038 720 1225 800 praetulerim
1248 719 1307 778 ubi·

159 846 215 908 que
237 827 408 907 conspirare
429 847 491 886 eom
515 826 631 885 bomine
654 824 942 906 intelligentissimo,
972 844 1057 904 quam
1091 824 1249 904 aliquoties
1271 824 1307 884 ab

159 953 195 992 eo
219 933 390 1006 dissentire,
413 951 587 1013 quamquam
610 930 638 990 id
661 929 794 991 fortasse
816 932 912 990 rarius
935 931 1109 1002 accidisset,
1133 931 1158 991 si
1181 950 1239 990 non
1262 950 1306 989 ra·

158 1039 255 1097 tiones
278 1057 347 1098 suas
370 1037 422 1096 Vir
443 1038 597 1099 verborum
618 1036 808 1117 parcissimus
829 1044 949 1116 pectore
963 1035 1080 1096 clausas
1095 1044 1197 1096 tenere
1213 1035 1306 1108 malit,

160 1161 245 1222 quam
267 1141 351 1202 foras
374 1141 471 1202 edere.
517 1140 603 1208 Quod
626 1142 718 1200 sicubi
740 1142 802 1203 veni
828 1141 1019 1222 ignoratione
1046 1141 1074 1199 in
1098 1160 1216 1200 errores
1238 1140 1305 1200 inci·

159 1248 240 1320 dero,
263 1255 355 1319 certe,
380 1266 438 1326 qua
461 1255 508 1305 est
529 1247 720 1320 humanitate,
743 1266 843 1308 verum
866 1247 999 1306 studiose
1022 1265 1066 1305 me
1088 1245 1241 1326 quaesisse
1262 1243 1305 1304 fa·

160 1353 215 1412 oile
236 1354 395 1427 eoncedet;
419 1353 465 1411 sin
487 1353 557 1424 erit,
581 1385 623 1398 -
647 1331 713 1412 nain
735 1353 801 1432 quis
825 1360 873 1412 est
895 1351 929 1412 ab
953 1351 1030 1411 omni
1051 1371 1153 1411 errore
1174 1345 1305 1412 vacuus?

159 1465 256 1516 -ut
279 1477 337 1538 ego
368 1459 479 1517 rectius
513 1457 581 1537 quid
612 1456 751 1528 viderim,
785 1456 864 1516 feret
895 1455 1106 1516 dissensionem
1136 1475 1226 1515 meam
1253 1455 1305 1515 illo

160 1563 273 1634 animo,
297 1582 355 1643 quo
378 1582 465 1622 socer
487 1563 565 1635 eius,
599 1563 644 1623 vir
666 1555 839 1622 immortalis
861 1563 1034 1634 memoriae,
1069 1560 1306 1621 Godofredus

159 1668 400 1738 llermannus,
422 1667 469 1728 vel
492 1685 511 1726 a
533 1666 684 1746 discipulis
707 1668 770 1726 suis
793 1688 827 1728 sa
850 1668 961 1748 corrigi
984 1666 1160 1746 patiebatur.

245 1773 346 1832 Facile
369 1779 417 1832 est
437 1772 509 1833 illud
532 1790 628 1852 genus
651 1772 787 1845 critices,
817 1772 895 1852 quod
924 1771 989 1832 fere
1010 1791 1048 1832 aa
1071 1791 1145 1832 nno
1167 1772 1306 1852 antiquis·

159 1877 232 1937 simo
256 1877 331 1937 libro
354 1877 471 1956 pendet.
516 1877 574 1946 eui
597 1878 626 1937 in
648 1878 782 1958 Vergilio
812 1879 943 1938 criticam
967 1885 1059 1938 artem
1082 1877 1236 1949 factitant,
1270 1879 1305 1937 iis
1367 1886 1370 1894 ’

158 2002 215 2042 nou
237 1982 308 2042 licet
329 1983 372 2042 ita
394 1983 482 2061 plana
504 1991 593 2063 atque
616 1983 755 2063 expedita
767 1983 815 2045 vis
832 1984 1000 2062 procedere.
1034 1982 1215 2061 Quamquam
1231 1983 1305 2042 enirn

156 2087 289 2167 plerique
310 2086 440 2146 iudicant
469 2087 576 2147 ceteris
604 2088 848 2166 praestantiorem
881 2107 947 2148 osse
974 2087 1135 2148 Mediceum
1166 2087 1306 2159 codicem,

157 2191 278 2268 quinat
301 2189 520 2270 antiquissimus
543 2191 667 2250 omnium
697 2192 832 2252 videatur
864 2200 894 2252 et
921 2193 997 2272 quod
1021 2191 1104 2255 solus
1126 2211 1164 2251 ex
1186 2193 1307 2252 vetemi·

157 2313 270 2354 morum
292 2314 423 2366 numero,
446 2295 472 2354 si
493 2295 664 2374 principium
687 2296 806 2368 eximis,
830 2297 949 2378 integer
971 2297 1007 2357 ad
1030 2303 1162 2359 nostram
1177 2303 1305 2357 aetatem

157 2407 293 2460 servatus
316 2408 381 2472 est,
412 2409 510 2460 tamen
532 2401 603 2460 illud
628 2401 824 2484 intelligitur,
849 2410 881 2462 et
903 2422 972 2473 eos,
1009 2402 1057 2482 qui
1080 2409 1235 2482 praeterea
1257 2421 1305 2462 ex·

156 2512 238 2564 stant
260 2505 408 2566 veterrimi
432 2504 513 2577 libri,
536 2513 567 2566 et
590 2507 698 2568 multos
721 2527 759 2566 ex
783 2508 829 2580 iis,
853 2508 902 2588 qui
925 2515 1080 2587 praeterea
1103 2507 1164 2567 lure
1187 2526 1305 2568 censen·

156 2619 206 2668 tur
226 2610 255 2668 in
278 2610 510 2690 probatissimis,
533 2632 591 2671 non
615 2631 653 2672 ex
675 2613 794 2685 eodem,
818 2613 894 2672 unde
917 2613 1016 2685 illum,
1048 2611 1133 2674 fonte
1156 2631 1305 2686 manusae3

157 2735 212 2774 nee
234 2715 419 2788 mirabimur,
451 2735 516 2776 cunr
539 2716 664 2798 Vergilii
692 2719 821 2778 carmina
844 2718 996 2798 plurimum
1019 2718 1206 2777 exercuerint
1229 2717 1306 2776 cala·

158 2841 220 2880 mos
243 2828 374 2880 veterum
397 2821 592 2892 librariorum,
616 2822 781 2902 complures
804 2822 891 2884 bodie
912 2829 1033 2882 enatare
1052 2821 1179 2893 codices,
1201 2823 1251 2901 qui
1267 2841 1305 2881 ex

156 2925 367 3005 antiquissimis
389 2926 562 2986 membranis
585 2926 724 3006 descripti
755 2927 833 2988 aliua
853 2925 889 2986 ab
911 2927 971 2987 alio
994 2925 1155 3005 exemplari
1178 2924 1306 3005 proiecti

154 3028 319 3088 videantur.
365 3029 466 3094 Quare
488 3049 546 3090 non
569 3039 652 3092 recte
673 3030 789 3092 faciunt
810 3051 875 3091 meo
906 3030 1019 3111 quidem
1050 3030 1174 3101 iudicio,
1204 3031 1304 3110 quiin

154 3134 334 3194 emendando
358 3154 447 3215 opere
469 3135 642 3216 Vergiliano
665 3137 763 3196 omnia
793 3137 830 3196 ad
852 3136 938 3196 unius
967 3136 1077 3196 codicia
1098 3136 1305 3198 anctoritatem

154 3247 262 3299 exacta
283 3239 385 3301 velint.
421 3240 479 3305 uui
501 3249 599 3300 autem
623 3241 711 3320 paulo
734 3241 907 3322 diligentius
929 3241 1131 3321 exploraverit
1143 3240 1305 3300 blediceunr

154 3345 274 3418 librum,
297 3345 387 3406 facile
408 3345 463 3406 sibi
484 3346 690 3426 persuadebit,
718 3348 767 3427 qui
790 3349 866 3408 buno
887 3349 1015 3408 codicem
1039 3346 1225 3417 exaraverit,
1253 3347 1303 3406 bo·

154 3449 258 3510 minem
281 3448 376 3510 fuisse
398 3451 426 3510 in
457 3450 585 3511 lectione
614 3453 716 3512 horum
741 3453 897 3514 carminum
922 3453 996 3514 satis
1025 3459 1193 3522 vermtum,
1227 3451 1304 3510 unde

152 3553 264 3614 factum
287 3562 348 3628 est,
371 3563 404 3614 ut
427 3555 526 3616 multis
549 3556 624 3620 locis
636 3599 644 3628 ,
668 3558 715 3616 ubl
738 3577 844 3618 versus
864 3558 931 3620 aliis
953 3557 1064 3618 similes
1088 3555 1305 3636 deprebaudun·

153 3667 216 3734 tur,
239 3659 374 3720 librarius
397 3662 535 3721 memoria
557 3662 698 3742 deeeptus
720 3663 884 3743 repetierit,
904 3681 980 3743 quae
1003 3662 1063 3722 alio
1085 3661 1152 3722 loon
1175 3661 1304 3742 legerat,

154 3784 311 3845 veramque
335 3765 491 3825 lectionem
514 3767 672 3846 expulerit,
693 3768 730 3827 de
744 3787 802 3848 quo
818 3769 986 3848 expositum
999 3775 1048 3828 est
1061 3767 1091 3828 ia
1105 3767 1190 3826 Varr.
1202 3767 1303 3828 Lectt.

154 3870 191 3929 ud
215 3869 249 3930 A.
273 3872 304 3944 7,
327 3873 408 3943 5283
436 3871 537 3950 itaque
560 3872 586 3931 si
609 3873 676 3953 quid
699 3872 779 3933 alind
801 3873 830 3934 in
859 3873 1001 3936 eiusmodi
1024 3873 1155 3935 versibus
1178 3871 1214 3932 ab
1235 3872 1304 3933 aliis

153 3974 236 4034 bonis
258 3975 408 4036 codicibus
430 3985 626 4056 propagatum
650 3984 712 4050 est,
742 3976 772 4036 id
794 3978 904 4038 rectius
935 3997 988 4057 pro
1011 3997 1082 4038 vera
1104 3975 1232 4037 lectione
1254 3977 1304 4038 ba·

152 4078 275 4139 bebitur.
326 4080 405 4140 ldem
434 4079 570 4142 librarius
601 4081 630 4140 in
656 4101 718 4142 eam
752 4090 864 4161 partem
900 4081 1058 4163 aliquoties
1089 4081 1236 4162 peccavit,
1270 4088 1304 4142 ut

152 4182 250 4243 forma
271 4184 470 4263 proximorum
492 4184 645 4245 verborum
668 4186 884 4264 syllabarumve
905 4187 1003 4248 induci
1024 4206 1058 4248 se
1076 4205 1182 4265 passus
1204 4187 1244 4247 sit
1265 4185 1304 4246 ad

155 4291 395 4370 corrumpendam
419 4291 590 4362 veritatem,
613 4290 696 4351 cuins
717 4291 761 4352 rei
783 4291 875 4352 multu
896 4292 1033 4372 exempla
1046 4292 1155 4372 protuli
1173 4292 1201 4354 in
1218 4292 1304 4352 Varr.

155 4394 254 4456 Leett.
278 4396 313 4455 ad
337 4395 373 4456 Δ.
398 4399 434 4470 l,
460 4399 532 4456 1⁰4.
566 4398 615 4473 ll,
639 4399 720 4471 oue,
750 4415 843 4475 quare
874 4397 962 4460 etiam
993 4397 1100 4460 talibus
1130 4397 1205 4458 loeis
1229 4395 1305 4460 fidas
