2940 4894
194 240 258 301 104
642 231 917 302 Philipptwagnmt

191 393 347 463 tineamus,
368 390 397 450 in
420 389 528 450 falsam
550 388 714 468 opinionem
736 387 834 448 induci
860 387 996 468 legantes
1018 387 1168 461 dictitans,
1190 389 1274 470 quasi
1290 410 1346 450 ne·

190 506 247 581 get
267 496 392 557 Latinus
414 498 568 578 quidquam
592 515 645 556 sua
666 495 830 565 interesse,
853 493 879 552 si
900 493 1026 575 populus
1043 496 1255 575 pessumdetur,
1277 493 1349 576 ipse

196 601 277 664 felici
299 600 404 662 funere
426 602 581 684 spolietur.
626 599 694 666 Qua
716 598 746 660 iu
768 617 800 657 rs
822 597 884 670 ille,
906 597 931 660 si
955 598 1025 677 quid
1049 599 1145 672 video,
1174 599 1246 670 Te,
1272 619 1345 678 np-

196 708 282 767 time
304 704 488 776 Anthoui,
521 703 636 763 minime
667 701 783 761 habebit
814 701 1033 762 assentientem.
1078 703 1180 782 Neque
1205 701 1281 763 anim
1314 701 1348 762 iu

194 811 289 872 verbis
306 809 405 869 Latini
429 808 583 889 quidquam
606 808 693 878 inest,
718 825 776 886 quo
798 825 832 865 se
851 806 968 865 miseria
992 807 1092 886 populi
1114 807 1160 866 sui
1182 828 1240 867 non
1265 827 1349 868 corn·
1463 833 1464 836 ¹

193 912 305 975 moveri
331 912 454 984 indicet,
483 911 568 970 immo
597 909 717 983 πάθος,
742 909 820 991 quud
847 910 978 972 cernitur
999 910 1029 970 in
1052 910 1149 972 verbis
1186 913 1349 982 Omirari,

194 1025 256 1078 tum
278 1035 439 1099 poenarum
461 1015 626 1096 cogitatio,
650 1015 753 1097 quibus
776 1034 846 1076 suos
869 1013 1013 1075 afflictum
1036 1016 1072 1075 iri
1094 1015 1256 1096 praevidet,
1278 1015 1349 1074 ani·

195 1141 270 1182 mum
301 1121 410 1182 indicat
437 1121 639 1182 misericordia
669 1141 849 1203 percussum.
902 1121 999 1180 Porro
1028 1120 1100 1180 illud
1129 1120 1278 1201 sapienter
1314 1128 1351 1180 et

196 1227 374 1298 humaniter,
397 1227 492 1307 quod,
515 1227 579 1285 dum
603 1227 713 1306 populo
737 1227 902 1307 Turnoque
925 1226 1046 1298 metuit,
1078 1226 1140 1288 suis
1163 1226 1247 1286 malis
1269 1225 1352 1286 nihil

196 1337 404 1403 commovetur,
426 1331 531 1411 quippe
554 1331 603 1410 qni
626 1331 654 1390 in
684 1331 748 1410 ipso
771 1351 863 1411 prope
886 1331 966 1393 vitae
988 1331 1071 1390 exitu
1093 1331 1274 1391 constitutus
1295 1352 1351 1392 re·
1465 1405 1466 1418 χ

196 1436 291 1516 quiem
306 1455 506 1496 aerumnarum
527 1456 544 1495 a
559 1437 723 1516 propinqua
739 1444 834 1497 morte
847 1443 956 1518 speret.
1000 1436 1062 1496 Nec
1079 1435 1151 1496 illud
1167 1455 1266 1497 verum
1283 1447 1353 1514 est,
1465 1429 1466 1434 ¹

196 1541 273 1621 quod
296 1540 487 1622 [ludewigius
510 1541 562 1611 ait,
587 1541 612 1600 si
635 1543 705 1600 Nam
728 1542 858 1623 legatur,
882 1542 938 1602 hoc
960 1541 1096 1602 Latinum
1119 1541 1233 1601 dicere:
1265 1542 1345 1601 nihil

196 1666 229 1706 sc
251 1645 351 1706 dolere
373 1644 453 1705 felici
475 1644 580 1706 funera
603 1646 745 1707 orbatum.
791 1649 879 1707 lmnno
903 1668 961 1708 non
984 1654 1136 1728 expertem
1158 1647 1269 1708 doloris
1283 1646 1349 1707 La·

194 1751 287 1810 tinum
310 1750 338 1808 in
362 1770 397 1810 ea
419 1751 606 1831 cogitatione
628 1771 694 1812 esse
707 1753 813 1832 probat
828 1753 900 1812 illud
917 1754 1010 1834 ipsum
1030 1755 1119 1828 [elici.
1165 1752 1241 1819 Quid
1265 1753 1348 1812 euim
1466 1747 1467 1752 ¹

195 1854 352 1934 optabilius
382 1875 448 1915 csse
478 1836 631 1928 deheim,
666 1857 715 1936 qui
747 1858 776 1917 in
798 1857 950 1937 splendida
972 1857 1094 1917 fortuna
1117 1877 1228 1916 omnem
1251 1857 1349 1919 vitam

195 1960 289 2040 degit,
324 1978 410 2040 quarn
434 1961 506 2020 mori
528 1960 801 2024 infelicitatet
854 1964 943 2044 Ergo,
966 1982 1029 2022 cum
1062 1985 1140 2024 mors
1172 1965 1259 2024 etiam
1292 1985 1349 2045 op·

196 2066 285 2125 tanda
307 2066 347 2124 sit
369 2066 447 2138 seni,
483 2067 607 2127 honesto
640 2066 743 2128 funere
777 2069 851 2128 idem
883 2090 941 2128 non
973 2070 1084 2130 carebit
1108 2089 1202 2150 aequo
1233 2069 1348 2132 auimo.
1466 2141 1467 2148 ἵ

195 2171 295 2252 llurip.
319 2172 388 2231 Hac.
412 2174 474 2232 317
499 2191 582 2252 sqq:

323 2281 372 2337 aul
392 2275 450 2358 μὴν
471 2276 573 2358 ἔμοιγε
595 2275 680 2352 ζῶντι
701 2277 756 2356 μὲν
777 2271 855 2337 καθ’
879 2275 1000 2358 ἡμέραν,

323 2379 366 2442 nal
388 2377 490 2462 σμίκρ’
512 2381 620 2462 ἔχοιμι,
644 2376 732 2442 πάντ’
757 2381 794 2442 ἂν
817 2377 983 2463 ἀρκούντως
1004 2382 1082 2466 ἔχοι·

324 2484 436 2565 τύμβοι
458 2482 490 2547 δὲ
511 2487 672 2566 βουλοίμην
694 2486 732 2548 ἂι
753 2481 930 2568 ἀξιούμενοι

325 2587 375 2652 τὸν
396 2588 472 2671 ἓμὸι
494 2589 640 2673 δρᾶσθαι.

198 2700 238 2757 ιιι
267 2695 356 2756 facile
386 2696 457 2756 illud
487 2716 603 2777 quoque
630 2697 846 2779 persentisces,
876 2697 1018 2778 optime
1048 2695 1233 2768 Anthoni,
1266 2697 1346 2758 lanc

197 2803 359 2863 orationem
391 2801 482 2882 longe
504 2803 668 2883 digniorem
692 2824 758 2864 esse
780 2803 906 2876 Latino,
938 2822 1022 2883 quam
1046 2801 1195 2881 querulam
1218 2801 1298 2861 illam
1322 2823 1343 2862 ιι

195 2907 370 2989 Ladewigio
393 2907 591 2967 substitutam.
635 2909 722 2975 Quod
745 2914 842 2970 autem
858 2906 974 2968 sublata
995 2905 1241 2986 interpunctione,
1265 2925 1344 2986 quaa

196 3022 243 3072 ιιι
264 3013 294 3072 in
315 3011 374 3073 fine
396 3031 499 3074 ιιιιιιι
522 3013 595 3086 598,
619 3019 709 3073 omnia
731 3013 795 3075 vult
817 3013 1027 3074 nominativum
1049 3031 1131 3092 esse,
1160 3010 1209 3090 qui
1231 3009 1344 3072 refero·

197 3125 246 3177 tur
267 3117 302 3177 ad
325 3116 477 3190 Latinum,
507 3127 587 3178 certe
617 3118 642 3177 is
665 3138 819 3199 numquam
852 3119 977 3179 dixisset
1000 3120 1090 3177 omnis
1117 3118 1240 3190 molior,
1270 3136 1343 3196 quo·

196 3223 272 3283 niam
295 3222 368 3282 satis
390 3231 438 3282 est
459 3223 616 3304 spoliatum
639 3211 704 3286 esse
726 3224 831 3286 funere
852 3222 943 3296 felici,
965 3242 1018 3283 nec
1040 3223 1070 3282 id
1091 3221 1283 3284 miserabilius
1305 3222 1345 3285 lit

196 3329 296 3389 addito
318 3327 374 3387 hoc
397 3333 505 3404 omnis,
528 3330 661 3390 sednon
684 3339 730 3391 est
753 3331 885 3402 dubium,
914 3331 982 3411 quin
1004 3329 1102 3408 potius
1124 3328 1256 3390 dicturus
1277 3328 1341 3389 fue·

194 3434 235 3494 rit
255 3437 368 3509 ipsoque
389 3437 420 3491 ιἰι
448 3436 543 3492 limine
560 3446 675 3508 portus,
707 3435 726 3494 i.
750 3455 776 3497 ι.
799 3442 831 3494 ot
857 3434 885 3494 in
916 3434 980 3515 ipso
1002 3433 1101 3494 limine
1130 3443 1251 3513 portus,
1285 3454 1340 3496 reu

195 3545 333 3619 speratae
364 3539 486 3619 quietis,
525 3541 669 3621 navigans
702 3540 815 3621 spolior
848 3538 929 3601 felici
950 3538 1063 3600 funere.
1107 3539 1240 3620 lienique
1261 3541 1342 3613 anili,

197 3643 274 3724 qnod
298 3643 443 3722 oppositis
464 3646 521 3718 ipsi
539 3665 583 3706 ιι.
607 3646 669 3706 596
693 3654 724 3706 ιι
748 3649 783 3705 l'e
805 3667 849 3708 ιι.
873 3647 936 3707 596
960 3645 1134 3724 respondet,
1168 3645 1292 3718 iacebit,
1313 3645 1340 3706 si

126 3811 128 3816 ,
196 3748 402 3830 praeposueris
426 3750 592 3829 negativum
617 3752 687 3824 llos,
710 3771 786 3832 quae
809 3751 979 3814 adverbum
999 3760 1086 3825 portu
1106 3751 1244 3830 pertinet,
1271 3769 1341 3811 con·

195 3861 244 3916 tra
265 3853 372 3934 accipit
393 3855 507 3933 pondus
523 3856 728 3930 necessarium,
752 3859 776 3919 si
799 3858 956 3919 subieceris
978 3856 1140 3938 particulae
1161 3859 1241 3928 llum,
1264 3875 1341 3936 quaa

195 3960 233 4019 ad
255 3959 348 4041 ipsum
369 3957 442 4018 illud
464 3962 533 4039 milti
554 3960 685 4022 refertur
707 3963 783 4023 hunc
805 3965 834 4024 in
857 3965 989 4024 modum:
1021 3981 1107 4036 „nam
1135 3962 1171 4022 de
1193 3981 1239 4021 me
1261 3961 1341 4042 quod

196 4065 300 4137 dicam,
323 4063 379 4124 hoc
401 4065 478 4124 est.”

283 4168 356 4227 Aen.
379 4171 410 4240 7,
436 4169 509 4230 699.
554 4172 587 4235 lu
610 4172 685 4232 huuc
707 4174 804 4233 locum
816 4173 1008 4254 Ladewigius
1033 4178 1145 4232 mutato
1168 4170 1340 4251 pronomine

196 4273 324 4334 retraxit
345 4294 478 4349 remum,
501 4295 584 4358 quern
608 4297 708 4341 omnes
730 4279 796 4342 libri
818 4285 848 4340 ιι
871 4278 973 4360 scripti
994 4285 1025 4339 et
1046 4276 1179 4357 impressi
1202 4282 1272 4337 ante
1292 4295 1337 4339 ιι.

200 4380 262 4444 696
285 4379 444 4456 collocant,
