2940 4894
232 249 277 312 80
692 239 814 307 Philippi
830 239 967 308 Wagneri

234 401 350 463 tectore
378 396 522 468 deseruit3
549 405 605 454 taus
635 395 798 475 Hauptius‚
836 395 914 474 quod
949 411 1007 475 ego
1047 412 1246 471 reposuerant.
1297 374 1393 454 Nolo

235 527 312 569 nuuc
335 504 422 568 ilicem¹
445 503 481 562 de
502 499 606 561 formis
626 509 682 558 tum
703 508 736 558 et·
758 509 824 557 usuc
846 499 928 558 litem
963 498 1058 558 denuo
1082 506 1233 558 excutere.
1289 498 1375 560 Vides

233 612 291 672 boo
318 611 385 669 loco
414 609 473 666 ista
510 605 638 664 breviter
665 611 696 664 ct
728 600 841 663 infinite
865 603 953 680 vdicta
981 604 1049 675 Quis
1069 603 1119 661 ute·
1142 645 1149 661 .
1172 645 1181 663 .
1206 646 1213 662 .
1241 621 1377 663 caussa

235 714 325 798 poeta
358 711 460 772 deiude
490 728 571 769 merc
604 727 658 768 suo
685 706 859 786 amplificari
893 706 1024 768 versibus
1054 707 1314 789 subsequentibus,
1347 710 1376 768 iu

240 820 343 900 quibus
366 816 580 897 quodsslegimus
602 831 670 890 quos
691 815 779 871 dabor
799 817 924 889 paruitas,
946 831 1016 872 cum
1040 821 1113 886 cet,
1134 812 1298 893 respondet
1317 833 1378 874 ver·

238 925 283 986 bis
305 935 372 984 tum
394 925 521 980 carnemt
543 922 622 990 tutio,
643 919 664 977 i.
687 937 713 976 o.
738 925 813 977 tum
842 936 916 976 cum
939 917 1078 980 cernebas
1101 918 1193 990 talia3
1223 924 1378 980 utentem

214 1029 290 1090 'itta
312 1034 393 1087 certe
415 1032 515 1086 aetate
534 1021 658 1100 Romani
681 1021 817 1081 videntur
839 1031 895 1080 uum
919 1064 925 1080 .
950 1065 956 1082 .
979 1041 1042 1080 cusa
1062 1020 1193 1095 dixisse,
1224 1045 1283 1086 noa
1314 1039 1379 1088 tuuc

238 1180 245 1194 .
269 1177 276 1194 .
299 1152 373 1204 caua,
395 1128 476 1212 (nam
499 1129 585 1188 etiam
610 1126 685 1206 apud
706 1125 874 1187 ciceronem
897 1127 943 1190 ubi
966 1138 1061 1188 tuuc.
1087 1171 1093 1186 .
1116 1149 1179 1189 cusa
1201 1131 1270 1192 olim
1295 1133 1377 1193 lecti·

237 1239 365 1308 tabum,
388 1254 463 1295 nuuc
484 1232 549 1292 fere
570 1243 626 1292 toas
649 1228 758 1306 editur)
782 1231 825 1291 ita
847 1233 903 1292 boe
919 1232 985 1292 loco
999 1243 1055 1292 toas
1076 1239 1204 1294 cementi
1217 1236 1379 1318 Vergilium

238 1341 392 1421 scripsisse
415 1337 562 1419 probabile
584 1344 640 1396 est.
685 1336 743 1395 Sed
767 1355 825 1395 uon
849 1356 923 1416 opus
954 1345 1001 1398 est
1028 1338 1144 1413 multis,
1177 1360 1271 1422 neque
1304 1344 1379 1402 cuim

237 1448 342 1518 video,
374 1463 465 1525 quare
482 1443 517 1502 ab
548 1461 584 1502 eo
608 1459 683 1499 nunc
706 1441 868 1512 discedam,
902 1443 980 1523 quod
1003 1441 1072 1502 olim
1094 1446 1231 1505 contendi
1254 1447 1378 1512 (tuaest.

240 1550 353 1632 Vergil.
375 1548 466 1608 XXV
488 1559 553 1608 tuuc
575 1567 594 1606 a
617 1546 748 1626 Vergilio
772 1567 828 1606 uon
850 1547 919 1626 poni
944 1548 1000 1607 nisi
1030 1556 1101 1608 aute
1128 1550 1267 1624 vocales3
1305 1551 1378 1613 idem

242 1639 607 1718 meaverathschmsbnm
620 1652 656 1709 ad
672 1649 793 1712 Lucret.
819 1655 847 1724 1,
873 1653 934 1713 13⁰
957 1655 1054 1725 „Tunc
1076 1662 1146 1714 aute
1168 1663 1378 1716 consonantem
1451 1661 1452 1672 ³

240 1765 345 1820 contra
375 1764 527 1836 puetarum
560 1753 756 1834 antiquiorum
784 1775 878 1815 usum.
893 1752 942 1837 ¹)'’
986 1756 1118 1836 Denique
1145 1757 1194 1818 fac
1216 1758 1377 1839 Vergilium
1452 1730 1453 1784 i

241 1863 394 1943 scripsisse
418 1862 484 1933 Quis
505 1860 556 1918 titt
583 1870 667 1918 tuuc
689 1877 799 1930 seusus,
823 1879 919 1921 noane
939 1881 1041 1940 parum
1063 1871 1132 1943 apta
1155 1863 1311 1943 scripsisse
1340 1866 1377 1927 vi·
1453 1904 1454 1958 p

241 1967 380 2030 dereturi
401 1978 467 2025 tuac
488 1965 574 2036 enim,
597 1965 616 2023 i.
640 1984 667 2024 e.
691 1965 746 2024 boc
768 1965 894 2025 maxime
916 1973 1048 2046 tempore
1071 1967 1217 2030 sinotum
1240 1971 1375 2042 maxime,

241 2076 354 2136 iuberet
385 2093 439 2133 nos
469 2073 505 2131 de
527 2079 668 2151 excerpto
695 2073 780 2152 quasi
803 2092 841 2131 cx
868 2072 983 2153 reliquo
1005 2079 1136 2152 tempore
1159 2082 1308 2136 momenta
1332 2095 1377 2136 co·
1454 2127 1455 2144 1

239 2181 355 2262 gitare;
386 2176 516 2237 excludit
539 2175 612 2234 enirn
636 2184 736 2236 cetera
767 2182 899 2254 tempora
921 2196 979 2236 non
1010 2178 1039 2236 in
1062 2197 1099 2237 eo
1123 2168 1234 2257 puncto
1254 2179 1376 2259 posita3

239 2286 338 2364 itaque
368 2302 422 2341 nos
451 2281 487 2340 ed
510 2280 649 2358 temporis
672 2279 746 2338 certi
778 2280 990 2360 cogitationem
1022 2281 1203 2360 potissi-um
1226 2295 1376 2358 avocaret,

239 2389 268 2449 id
290 2387 367 2467 quod
390 2385 527 2445 abhorret
548 2383 582 2443 ab
604 2383 660 2442 boc
683 2384 760 2455 ioco,
783 2385 830 2444 ubi
850 2385 906 2445 toti
928 2405 1027 2446 sumus
1049 2387 1077 2446 iu
1100 2388 1154 2447 bac
1178 2389 1377 2469 cogitatione:
1456 2428 1457 2482 p

240 2492 314 2560 Quis
350 2491 401 2550 tibi
428 2509 532 2550 sensus
561 2490 692 2549 cernenti
724 2490 811 2549 talia!
848 2501 904 2550 ιιιι
933 2493 1076 2552 adiectum
1112 2500 1175 2568 est,
1203 2513 1263 2574 quo
1295 2498 1378 2575 quasi
1456 2485 1457 2494 ¹

240 2598 347 2660 ieviter
370 2601 622 2676 praemonstretur
643 2595 714 2655 iliud
736 2601 863 2656 cernenti
876 2601 959 2671 tutiu3
983 2598 1117 2658 similiter
1141 2602 1191 2670 11),
1213 2601 1277 2662 533
1302 2603 1378 2673 „iam

241 2712 313 2763 tum
335 2701 473 2761 Pallante
496 2701 678 2780 perempto,”
700 2700 748 2759 ubi
770 2701 798 2760 in
822 2703 902 2762 nulio
925 2702 1026 2764 codice
1049 2710 1095 2762 est
1116 2713 1192 2762 tuuc.

327 2809 398 2868 Aen.
422 2809 453 2877 4,
475 2805 550 2866 nto.
596 2805 791 2881 Dardaniique
812 2825 914 2884 rapum
935 2811 1036 2882 capitis
1052 2811 1215 2881 permittere
1235 2806 1378 2870 flammae.

239 2913 359 2987 flammis
381 2931 421 2971 cx
441 2929 500 2969 nno
524 2908 656 2968 Medicas
675 2910 866 2992 Ladewigius
889 2920 920 2972 et
942 2911 1105 2992 Hauptius3
1129 2930 1187 2974 noa
1209 2921 1281 2992 puto
1304 2916 1379 2974 duos

242 3018 378 3097 deinceps
400 3033 503 3077 versus
528 3012 635 3094 copula
656 3012 734 3074 inter
754 3035 787 3074 se
810 3016 940 3090 iunctos,
969 3017 1025 3076 nisi
1046 3025 1129 3078 certa
1153 3018 1230 3081 ratio
1254 3017 1284 3077 id
1312 3039 1378 3080 sna·

242 3121 321 3195 dect,
344 3130 402 3182 tam
425 3117 591 3199 aequaliter
611 3117 694 3178 exire
715 3137 832 3199 passum
856 3139 922 3182 esse
944 3120 1142 3203 Vergilium:'

367 3230 504 3301 inponere
526 3227 602 3282 curis

366 3333 529 3404 permittere
546 3327 675 3401 flammis.

241 3436 344 3515 ltaque
367 3432 490 3494 nondum
513 3454 632 3515 possum
654 3454 673 3493 a
694 3451 740 3496 me
762 3432 928 3512 impetrare,
949 3439 982 3490 ut
1001 3429 1132 3505 βιιιιιαι
1152 3428 1291 3492 reiioiam.

326 3538 400 3600 Aen.
423 3542 453 3609 4,
475 3539 550 3600 641.
594 3541 650 3600 lito
670 3539 791 3615 prodam
811 3539 904 3597 studio
925 3537 1068 3596 cstarotot
1088 3534 1204 3595 anilem.

239 3648 311 3704 ooits'
332 3643 540 3723 Ladewigius,
574 3663 660 3724 quem
686 3663 744 3703 nou
774 3642 950 3704 conveniens
973 3641 1073 3720 opicae
1102 3641 1262 3723 gravitati,
1294 3643 1377 3722 pr'ae·

239 3750 337 3810 sertim
368 3750 396 3807 in
428 3748 484 3807 boc
506 3769 602 3808 rerum
634 3750 730 3808 statu!
761 3750 900 3809 comicum
931 3755 977 3808 est
1006 3755 1037 3806 et
1059 3747 1211 3807 ridiculum
1233 3746 1295 3806 teia
1316 3755 1376 3806 stu-

239 3855 316 3914 dium
350 3852 548 3933 spectantibus
582 3871 781 3932 revooaosqua
810 3853 840 3911 iu
879 3851 1002 3911 animum
1041 3851 1251 3911 Terentianum
1288 3850 1376 3910 iilud:

241 3978 347 4030 „move
374 3977 444 4019 veru
473 3959 556 4017 ocius
584 3965 630 4029 te,
666 3956 775 4016 nutrix.
798 3991 840 4002 -
882 3957 1000 4018 Moneo.
1030 3987 1074 4002 -
1125 3954 1213 4016 Video
1221 3999 1231 4035 ,
1261 3963 1308 4014 set
1336 3957 1375 4016 nil

240 4062 427 4142 promovcs.”
470 4061 615 4140 Hauptius
637 4061 759 4122 retinuit
780 4065 890 4124 ouium.

314 4181 356 4254 13)
376 4177 458 4246 Quid,
478 4179 550 4250 quod
570 4177 669 4234 Cicero
688 4177 806 4234 insusse
825 4197 888 4236 num
908 4196 970 4233 urm
990 4179 1101 4251 scripsit
1117 4187 1191 4239 tuam
1212 4193 1274 4230 rsro
1301 4176 1374 4247 spud

240 4269 303 4307 enm
322 4252 377 4321 legi
396 4252 434 4306 sit
446 4248 568 4306 Orellios
580 4252 614 4307 sd
634 4250 710 4308 Boot.
728 4252 754 4315 8,
773 4254 822 4316 33;
841 4198 914 4328 quid,
933 4252 957 4305 si
975 4252 1057 4307 curm
1069 4251 1103 4304 iis
1116 4247 1193 4314 locis,
1213 4249 1260 4302 ubi
1273 4250 1375 4303 etism-

239 4325 449 4450 ”iiis-leiim*
472 4324 578 4379 illatum
607 4333 649 4379 est
673 4341 687 4377 e
716 4324 835 4378 librariis
863 4321 1057 4379 consuetudini
1084 4320 1243 4392 posterioris
1280 4323 1374 4376 aetatis

239 4413 254 4450 s
294 4411 319 4450 rc
332 4413 355 4450 ιι
