2940 4894
662 235 785 304 Philippi
803 235 938 304 Wagneri

359 392 514 454 Turbabat
534 391 637 464 caelo,
659 409 737 454 nunc
760 397 856 451 terras
880 391 981 450 ordine
1004 391 1096 471 longo

361 498 420 556 Aut
442 516 548 577 capere
568 505 620 556 aut
643 503 746 576 captas
769 495 824 555 iarn
847 493 1019 574 despectare
1044 495 1191 556 videntur:

361 601 446 662 llaud
467 601 555 660 aliter
577 611 628 660 cat.

234 710 301 775 (lua
322 707 351 766 iu
374 727 406 765 re
428 705 605 765 desiderabis
628 722 753 774 mecum,
785 700 963 772 Autboui,
995 700 1131 762 iudicium
1164 702 1289 764 bominis
1318 703 1377 764 ele·

234 810 410 894 gantissinni.
469 809 594 869 Primum
626 809 815 890 transpositis
844 809 887 867 ita
916 808 961 868 bis
991 809 1123 871 versibus
1153 829 1211 868 non
1242 818 1379 888 apparet,

235 937 325 998 quare
348 914 528 996 potissimum
552 914 745 976 laetantes
769 913 918 996 agmine
941 913 1075 973 dicantur
1102 914 1152 974 isti
1174 913 1277 990 cycui;
1299 915 1380 974 adie-

235 1023 276 1082 cit
298 1022 353 1080 boc
376 1027 482 1100 poeta,
504 1020 573 1100 quia
595 1021 695 1080 statim
718 1029 783 1081 erat
805 1019 937 1078 dicturus
960 1038 1066 1100 agmen
1090 1019 1162 1078 illud
1189 1019 1381 1079 disturba·

236 1136 309 1185 tum
332 1145 399 1185 esse
422 1125 456 1185 ab
478 1125 594 1205 aquila3
626 1125 725 1204 itaque
747 1125 846 1186 versui
870 1127 931 1184 393
955 1125 980 1183 is
1003 1125 1197 1184 subiiciendus
1224 1123 1302 1197 fuit,
1331 1125 1383 1206 qui

238 1238 357 1291 servato
381 1229 504 1309 pristino
528 1229 629 1288 ordine
644 1229 725 1290 illum
742 1229 852 1307 excipit
871 1230 1024 1300 „Aetheria
1037 1249 1104 1304 quos
1118 1229 1382 1306 lapsoplopa”cet.

239 1334 349 1394 Deinde
371 1334 414 1392 illi
437 1335 520 1412 cycni
542 1334 697 1394 reduces
720 1334 927 1414 appellantur,
951 1344 1105 1414 antequam
1129 1335 1236 1407 locum,
1258 1335 1307 1394 ubi
1331 1355 1382 1396 au·

238 1447 287 1498 tea
309 1437 439 1509 fuerunt,
463 1458 514 1496 eos
537 1438 702 1498 deseruisse
725 1438 866 1498 novimus.
912 1439 991 1498 Tum
1014 1439 1158 1518 languent
1179 1440 1239 1500 ista
1262 1440 1382 1511 „delbe-

239 1547 286 1602 rio
307 1563 374 1619 quos
397 1545 475 1618 lapso
494 1545 581 1618 plapo
605 1586 611 1600 .
637 1586 644 1601 .
668 1585 674 1602 .
698 1543 807 1614 eaelo”,
830 1550 864 1600 ut
885 1545 1097 1616 necessarium,
1128 1565 1187 1624 quo
1210 1552 1292 1604 stara
1313 1566 1383 1624 pos·

240 1649 299 1708 sint
326 1648 383 1706 bini
413 1665 517 1708 versus
546 1646 736 1727 praegressi,
769 1647 810 1706 ita
840 1667 935 1708 serum
968 1648 1170 1710 adminiculum
1199 1649 1383 1729 praebentia.

239 1753 376 1832 Denique
398 1752 424 1812 si
445 1753 488 1811 illi
511 1753 677 1813 reduces
700 1761 784 1824 sunt,
808 1774 866 1813 unu
888 1763 1077 1816 revertuntur
1098 1755 1226 1828 demum,
1250 1756 1302 1815 sed
1325 1756 1383 1816 iarn

240 1864 442 1928 reverterunt,
465 1857 512 1916 cui
540 1857 583 1915 rei
605 1857 798 1918 adversantur
827 1859 915 1918 verba
940 1879 1016 1918 auae
1047 1871 1140 1920 terror
1164 1863 1270 1918 ordios
1299 1863 1385 1937 lampa

240 1973 291 2022 out
310 1980 412 2036 capere
433 1971 484 2019 aut
504 1964 665 2036 despectare
686 1965 837 2035 ridentum
858 1984 922 2023 nam
946 1965 1039 2023 redux
1063 1985 1120 2025 non
1144 1972 1201 2037 est,
1224 1966 1273 2046 qui
1296 1967 1385 2026 redu-

242 2067 335 2138 citur,
367 2067 418 2125 sed
442 2066 491 2146 qui
513 2067 650 2126 reductus
675 2074 736 2138 est,
768 2086 821 2126 uec
850 2068 889 2128 dii
916 2069 1038 2130 reduces
1068 2079 1152 2143 sunt,
1187 2070 1235 2151 qui
1267 2069 1385 2131 faciunt

243 2174 354 2244 redire,
377 2172 428 2232 sed
452 2173 500 2252 qui
521 2172 617 2232 redire
639 2170 785 2231 fecerunt.

332 2278 367 2336 Α.
392 2280 422 2348 2,
445 2279 519 2336 738.
693 2275 796 2336 fatone
819 2287 915 2353 erepta
938 2281 1043 2338 Creusa

461 2381 585 2440 Substitit
605 2385 748 2440 erravitne
768 2385 824 2441 nio.

242 2489 305 2559 soto
335 2495 375 2542 est
400 2505 418 2544 e
440 2484 611 2543 coniectura
641 2482 806 2564 (Dietscbio
835 2469 960 2564 probata
990 2506 1059 2568 pag.
1084 2481 1140 2565 23)
1172 2485 1386 2567 Peerlkampii,

144 2580 145 2586 ἵ
247 2591 295 2671 qui
317 2598 413 2649 tamen
436 2590 464 2647 in
487 2589 616 2648 ordinem
638 2608 702 2648 eam
723 2590 854 2671 recipere
878 2612 935 2650 nou
959 2600 1006 2652 est
1029 2611 1127 2670 ausus,
1151 2591 1269 2672 scripsit
1290 2593 1385 2654 Lade·

245 2699 364 2779 wigius.
421 2696 498 2755 Nibil
529 2717 564 2757 ea
593 2699 763 2758 coniectura
793 2718 883 2779 opus,
916 2709 950 2760 ut
980 2699 1125 2779 Hauptius
1155 2717 1273 2780 quoque
1302 2698 1385 2759 vidit.

246 2802 324 2887 Ordo
358 2801 511 2862 verborum
542 2809 603 2872 est,
636 2820 719 2881 quem
750 2803 806 2862 iam
835 2804 974 2865 indicavit
1002 2805 1140 2864 Servius:
1172 2800 1258 2875 „fato
1282 2809 1386 2881 erepta

247 2906 357 2966 Creusa
379 2905 547 2964 substititue
563 2906 709 2966 erravitne
724 2907 801 2968 via’'.
844 2908 1013 2968 Particulae
1035 2928 1070 2968 ne
1091 2908 1235 2968 traiectae
1250 2908 1386 2987 exempla

246 3018 319 3071 satis
342 3013 434 3070 multa
455 3012 577 3091 reperiri
599 3019 728 3071 constat.

333 3116 405 3176 dan.
429 3118 459 3189 3,
482 3119 556 3177 545.
601 3119 638 3175 Et
658 3115 756 3195 capita
778 3125 843 3174 arete
864 3133 934 3174 aras
956 3119 1074 3192 l'brppio
1095 3117 1219 3174 celamur
1241 3119 1356 3174 amictu.

245 3231 337 3294 capot,
364 3220 409 3280 uti
441 3221 594 3300 scripsisse
617 3219 779 3301 Vergilium
808 3219 974 3298 suspicatus
1002 3240 1082 3280 eram
1110 3220 1139 3279 in
1164 3220 1249 3279 Varr.
1273 3220 1386 3291 Lectt,

245 3325 397 3410 probatum
418 3327 505 3386 etiam
527 3325 745 3404 Peerlkampio,
768 3325 885 3386 exhibet
904 3324 1103 3406 Ladewigius.
1147 3324 1231 3384 Nunc
1253 3325 1387 3405 equidem

247 3429 316 3488 nibil
339 3430 509 3490 movendum
531 3439 621 3510 puto,
651 3431 756 3510 partim
779 3431 857 3510 quod
880 3449 980 3509 parurn
1003 3438 1138 3501 constat,
1169 3431 1235 3511 quid
1264 3430 1292 3487 in
1315 3450 1387 3510 quo·

247 3552 302 3614 que
324 3533 397 3593 libro
420 3534 448 3593 b.
471 3534 491 3593 l.
515 3535 651 3616 legatur,
674 3538 778 3615 partim
802 3537 870 3616 quia
892 3540 1047 3610 capitanea,
1078 3536 1156 3615 quod
1177 3543 1224 3594 est
1245 3535 1387 3618 inllledi·

246 3657 299 3697 ceo
323 3658 341 3696 a
363 3659 398 3698 nn.
422 3660 465 3718 pr.
489 3641 623 3721 quodque
646 3641 675 3700 iu
693 3642 905 3721 antiquioribus
928 3661 963 3702 eo
978 3641 1124 3701 codicibus
1146 3639 1239 3700 fuisse
1261 3640 1388 3712 videtur,

249 3744 391 3826 originem
414 3745 572 3806 variandae
595 3746 715 3806 lectioni
737 3747 852 3808 dedisse
874 3748 1010 3808 arbitror.
1064 3746 1123 3806 Sed
1152 3745 1246 3828 ipsum
1268 3746 1325 3804 buc
1347 3747 1387 3808 ri·

230 3847 318 3909 'tium
338 3868 436 3910 veram
460 3849 625 3923 lectionem,
646 3851 681 3911 ab
703 3853 831 3933 llauptio
853 3873 969 3934 quoque
991 3859 1145 3925 retentam,
1168 3851 1325 3910 ostendere
1348 3851 1388 3912 vi·

249 3955 348 4027 detur,
379 3972 443 4012 nant
474 3973 537 4012 cum
568 3955 695 4035 quinque
725 3958 838 4037 priores
861 3957 991 4037 syllabas
1014 3957 1124 4018 librarii
1147 3976 1199 4036 per
1222 3956 1387 4018 socordiam

249 4079 301 4139 pru
325 4057 412 4118 verbo
435 4062 512 4132 capit
532 4060 725 4138 accepissent,
747 4080 786 4120 ex
802 4066 897 4138 cupito
912 4074 977 4121 aare
995 4062 1076 4123 nasci
1088 4061 1186 4141 potuit
1203 4059 1283 4132 illud,
1308 4061 1387 4139 quod

249 4162 277 4220 in
300 4163 433 4222 Mediceo
456 4182 521 4224 esse
542 4131 677 4234 diximris,
700 4169 849 4239 copitaate.

335 4266 407 4328 den.
431 4274 468 4341 4,
492 4270 564 4329 217.
621 4271 751 4329 Maeonio
780 4282 899 4330 mentum
929 4276 1014 4331 mitro
1042 4273 1201 4343 miramque
1231 4270 1387 4328 madentem

618 4373 774 4434 Subuixus.
