2940 4894
508 227 655 286 Lectiones
671 225 855 296 Vergilianas.

286 389 318 448 3.
339 385 512 456 latendum,
534 384 654 465 regina,
676 383 759 444 iubes
780 403 925 444 renntme
946 382 1089 442 dolorem.

285 499 317 554 t.
339 492 491 552 Troianas
514 499 548 549 ut
571 509 643 571 opes
664 503 696 549 et
717 487 905 548 lamentabile
925 507 1048 568 regnum

283 599 315 658 5.
336 597 475 656 llruerint
495 594 609 665 Danai,
636 611 769 674 quaeque
792 593 854 672 ipse
878 593 1037 652 miserrima
1059 592 1127 664 vidi,

286 703 317 762 6.
338 704 377 761 Et
399 719 521 782 quorum
544 720 613 779 pare
636 719 744 780 magna
767 698 811 757 fui
834 732 875 744 -
898 699 963 777 quis
986 699 1058 758 talia
1080 697 1171 758 fando

337 805 552 883 Myrmidonum
571 802 754 882 llolo'pumve
775 811 829 862 aut
849 803 914 862 duri
936 802 1019 862 miles
1043 800 1123 862 Ulixi

335 910 497 987 Temperet
519 927 538 967 a
560 908 706 966 lacrimis!

4 1017 5 1100 i
114 1013 181 1096 ligo
211 1031 276 1072 eum
303 1013 502 1094 superioribus
532 1013 692 1072 editoribus
723 1031 835 1071 comma
857 1015 942 1090 posui
965 1011 993 1070 io
1016 1020 1149 1072 extremo
1173 1028 1260 1073 versu

115 1119 222 1190 tertio,
252 1129 387 1198 punctum
417 1119 447 1176 in
477 1118 571 1176 medio
603 1124 690 1176 sexto
719 1123 789 1195 post
813 1120 866 1188 sui.
911 1116 972 1175 Nec
994 1135 1071 1175 nunc
1092 1125 1173 1176 nauto
1197 1137 1261 1177 eam

114 1224 269 1286 rationem.
320 1224 488 1304 lngressum
517 1223 678 1293 orationis,
709 1242 794 1301 quem
824 1222 965 1282 eiusmodi
994 1223 1157 1282 narrationi
1179 1243 1261 1302 prae·

116 1329 274 1400 mittimus,
296 1348 431 1408 gravem,
454 1328 597 1400 sedatum,
620 1327 807 1406 simplicitate
829 1327 1082 1388 commendabilem
1105 1347 1172 1388 esse
1194 1347 1261 1388 eon·

116 1433 215 1505 venit3
250 1451 341 1512 quare
363 1432 533 1491 inusitatum
562 1451 657 1512 genus
682 1443 867 1503 structurae,
899 1433 1015 1492 nimium
1044 1433 1131 1492 animi
1154 1443 1261 1492 motum

117 1539 265 1610 indicans,
288 1539 375 1618 quale
396 1538 526 1598 infertor
546 1558 599 1617 per
620 1538 699 1598 illem
722 1539 995 1618 interpunctionem,
1018 1539 1143 1598 alienum
1167 1540 1202 1599 ab
1225 1559 1261 1600 eo

117 1650 250 1725 tempore
271 1644 453 1705 iudicandum
476 1652 534 1703 ert.
566 1644 644 1704 Tum
668 1644 720 1702 illa
741 1663 865 1719 quaeque
887 1648 946 1718 ipse
967 1649 1127 1704 ιιιὲιοννίιιια
1148 1648 1208 1702 eidi
1228 1647 1266 1704 Et

117 1769 235 1826 morum
262 1769 333 1823 porr
361 1767 465 1824 mappa
492 1752 537 1821 sui
566 1749 762 1810 adversentur
790 1749 836 1810 vel
867 1750 992 1808 maxime
1019 1750 1062 1810 illi
1097 1751 1262 1811 mutationi.

119 1855 228 1934 Utique
249 1874 297 1914 res
328 1855 405 1914 istae
433 1855 477 1912 sic
498 1863 686 1934 comparatae
707 1861 810 1925 erant,
843 1862 877 1912 ut
904 1855 950 1913 vel
974 1855 1106 1914 hostibus
1129 1845 1264 1916 lacrimas

4 1965 6 2058 p
118 1962 196 2020 ciere
219 1969 358 2039 possent3
396 1969 428 2018 at
459 1979 518 2018 oon
548 1960 634 2019 etiem
658 1967 833 2038 propterea,
864 1960 941 2040 quod
971 1961 1086 2020 Aeaeos
1109 1961 1154 2020 his
1176 1961 1262 2022 rebus

4 2081 6 2148 ᾖ
119 2063 272 2138 interfuit,
303 2064 437 2124 hostibus
469 2062 619 2124 deflendae
647 2074 700 2124 aut
728 2065 815 2123 etiam
846 2065 1038 2126 miserabilius
1066 2066 1264 2146 deplorandae

4 2151 6 2222 Ῐ
119 2177 214 2230 erent.
258 2169 414 2230 Pertinent
437 2169 509 2228 haee
531 2169 620 2231 verba
642 2170 678 2228 ad
702 2169 827 2228 animum
850 2169 1016 2249 luctumque
1037 2170 1131 2230 solius
1147 2171 1264 2231 Aeneae

4 2263 6 2308 l
119 2292 296 2354 causamque
318 2273 462 2345 indicant,
485 2293 575 2352 quare
596 2272 684 2334 dolor
706 2293 744 2332 ex
767 2274 875 2334 amissa
897 2276 993 2354 patria
1016 2284 1120 2347 natus,
1141 2275 1265 2338 Didonis

119 2379 273 2440 voluntate
296 2379 381 2438 modo
404 2381 609 2452 resuscitatus,
632 2381 720 2440 etiam
740 2381 836 2440 aerius
852 2382 975 2440 animum
990 2382 1264 2445 Aeneeevulneret.

206 2484 280 2544 Aen.
303 2486 335 2556 2,
358 2487 518 2544 tet—34.

338 2587 454 2648 Testor
481 2588 510 2646 in
533 2605 641 2646 occasu
665 2593 766 2647 vestro
790 2606 843 2645 uec
867 2587 928 2647 tela
950 2607 1003 2648 uec
1025 2589 1102 2649 ullas

336 2693 484 2755 vitavisse
507 2693 585 2754 vices
607 2691 760 2763 Danaum,
783 2699 831 2764 et,
854 2693 880 2752 si
902 2691 967 2754 fata
992 2695 1128 2766 luissent,

335 2797 376 2858 Ut
398 2798 549 2868 caderem,
575 2797 717 2856 meruisse
740 2817 834 2856 mena.

122 2878 313 2984 Ladewigius
336 2902 537 2983 interpungit,
565 2908 597 2960 ut
619 2910 689 2960 ante
711 2901 842 2978 lleyuius
865 2900 910 2982 (in
934 2898 1020 2981 nota)
1044 2909 1074 2960 et
1096 2901 1265 2964 Peerlkam·

122 3011 185 3089 pius
207 3008 359 3078 fecerunt,
384 3026 476 3085 nuper
497 3007 586 3065 etiam
611 3006 773 3084 lleuptius:

341 3110 487 3171 Vitavisse
508 3110 605 3184 vices3
624 3099 758 3169 ¹[latreum
782 3118 828 3181 et,
851 3110 876 3171 si
899 3109 964 3170 fata
985 3109 1123 3182 fuissent,

337 3209 379 3276 Ut
401 3214 535 3274 cederem
556 3215 697 3274 meruisse
718 3233 823 3287 manu3

123 3323 178 3384 ie.
201 3329 232 3382 et
253 3322 413 3391 meruisse,
436 3327 470 3378 ut
492 3319 721 3379 manulianoum
741 3320 885 3390 caderem,
908 3319 933 3378 si
956 3317 1020 3377 fata
1042 3319 1180 3395 fuissent,
1202 3323 1267 3384 scil.

124 3435 157 3488 ut
179 3427 322 3486 caderem.
366 3425 457 3484 Nimis
480 3424 639 3505 perplexe,
673 3434 706 3484 ut
729 3425 796 3484 mihi
819 3426 951 3497 videtur,
984 3444 1037 3485 nec
1059 3428 1269 3490 convenienter

124 3532 302 3613 simplicitati
325 3529 524 3611 Vergilianae.
568 3530 658 3609 Atqui
685 3530 748 3589 scio
782 3531 858 3609 apud
891 3530 966 3589 hono
988 3531 1111 3591 inveniri
1134 3540 1267 3615 transpo-

124 3639 247 3700 sitiones
270 3636 427 3716 quasdam3
451 3637 501 3695 sed
524 3636 611 3694 istem
635 3635 908 3714 transpositionem,
938 3643 1095 3716 antequam
1119 3639 1269 3700 consimile

125 3742 287 3822 exemplum
311 3761 347 3802 ex
371 3740 499 3820 Aeneide
522 3740 567 3801 vel
591 3760 607 3798 e
631 3739 788 3819 Georgicis
811 3739 932 3798 allatum
954 3740 1055 3813 fuerit,
1078 3761 1136 3802 non
1154 3743 1268 3803 credam

125 3851 152 3910 ei
175 3849 292 3930 placere
314 3846 465 3926 potuisse,
495 3845 667 3926 praesertim
699 3845 727 3903 in
755 3843 828 3903 lilino
852 3845 894 3904 ita
916 3845 1064 3924 expolito,
1098 3847 1193 3926 qualis
1223 3857 1270 3908 est

125 3954 269 4016 secundus
292 3952 365 4011 liber
386 3951 544 4012 Aeneidos.
587 3948 757 4009 Difficultas
787 3949 888 4008 horum
917 3951 1068 4010 verborum
1099 3951 1197 4030 posita
1224 3961 1271 4014 est

125 4060 154 4120 io
176 4057 319 4121 vocabulo
343 4061 430 4128 vices,
465 4057 543 4136 quod
572 4052 819 4137 significationem
849 4055 895 4114 hic
925 4055 1012 4115 hebet
1035 4055 1117 4115 nobis
1140 4057 1270 4138 incogni-

125 4171 195 4224 tam.
241 4167 304 4245 Age
327 4160 438 4242 igitur,
471 4158 665 4230 Anthoni,
696 4159 850 4238 experiere
880 4179 1006 4230 mecum,
1039 4159 1064 4218 si
1087 4178 1172 4240 quam
1195 4160 1269 4222 viam

127 4267 316 4338 inveniemus,
339 4285 425 4346 quam
447 4264 575 4345 ingressi
597 4271 721 4324 mentem
740 4270 846 4344 poetae
868 4282 1066 4343 assequemur.
1112 4266 1195 4325 Heud
1217 4284 1270 4345 pru

127 4372 217 4433 nilsilo
240 4372 399 4432 ducendum
421 4371 600 4450 putaverim,
629 4369 706 4450 quod
738 4368 858 4429 Servius
887 4367 966 4429 vices
993 4370 1206 4450 iuterpretatur
1220 4389 1269 4446 pu·
