2940 4894
100 256 129 309 ,ὑ
491 220 635 272 Lectiones
653 215 835 286 Vergilianus.

225 375 297 434 232.
341 375 377 434 Et
396 381 511 448 espec
529 395 587 434 sere
607 383 689 450 utque
709 377 799 436 trusos
819 380 851 436 ἐκ
872 395 983 440 cereae
1005 382 1097 454 discit,

227 483 299 542 234.
344 524 352 540 .
376 525 383 540 .
406 523 413 540 .
435 489 464 539 et
481 497 582 553 spureo
603 481 642 536 ud
659 496 784 556 pequam
803 483 932 554 meludit
953 503 1054 544 aream

229 587 301 646 235.
345 586 432 657 Post,
453 585 502 643 udi
523 581 666 643 enmono
687 583 775 642 retur
796 589 923 661 utraeque
943 592 1077 662 resectae,

342 695 430 768 Stpue
452 700 542 749 eunom
558 707 748 764 praecepsque
769 691 995 766 alimentorum
1017 698 1048 752 in
1067 697 1178 756 locem.

85 797 138 854 llx
157 796 368 857 nno-Modiooo
391 795 472 878 (nam
494 794 684 864 (dalmianus,
706 794 755 872 qui
777 794 902 867 additur,
925 804 972 856 est
993 798 1081 870 idem,
1104 799 1154 879 qui
1173 800 1233 858 lle·

87 902 204 980 diceus)
226 903 277 962 Art
294 902 486 983 [ludewigius
506 901 617 980 recepit
639 919 692 978 pro
722 903 792 960 Post.
837 903 900 959 Post
919 909 1020 973 recte,
1049 909 1139 982 puto,
1173 923 1232 963 aer·

85 1017 141 1066 vet
161 1007 322 1086 Hauptius3
345 1007 374 1068 in
397 1007 453 1066 noo
475 1004 545 1066 nihil
568 1011 624 1074 est,
648 1002 883 1083 qnodoffendat3
906 1005 961 1066 Aet
978 995 1120 1066 iudicaret
1139 1015 1232 1067 trans·

85 1111 161 1170 itum
183 1111 220 1170 ad
242 1111 318 1184 alia,
352 1130 444 1182 noua,
476 1129 495 1168 a
516 1107 714 1188 superioribus
733 1107 869 1181 diversa3
895 1129 954 1168 non
976 1110 1147 1170 conceditur
1167 1112 1233 1172 liuic

86 1215 253 1294 particulae
286 1215 370 1275 locus
397 1215 426 1274 in
455 1214 541 1274 rebus
571 1212 728 1272 secundum
756 1231 838 1273 suum
870 1213 999 1273 ordinem
1022 1217 1230 1295 proponendis.

88 1319 201 1399 Nempe
223 1326 378 1400 postquem
401 1321 493 1380 multe
519 1299 733 1378 exercitatione
755 1327 857 1378 taurus
880 1319 937 1378 iste
960 1319 1033 1379 satis
1056 1338 1088 1380 se
1111 1340 1231 1401 praepa·

87 1423 168 1483 revit
189 1423 227 1482 ad
250 1442 356 1484 nouum
389 1434 535 1486 certamen
559 1443 623 1484 cum
646 1423 815 1483 adversario
838 1423 1011 1504 ineundum,
1032 1426 1089 1484 iam
1112 1425 1230 1486 descen·

86 1531 131 1588 dit
153 1531 189 1591 nd
212 1549 276 1590 eam
298 1549 438 1613 pugnam.
482 1529 612 1589 llaudiue
643 1528 775 1588 Turseli.
809 1533 836 1601 l,
859 1529 923 1590 422
954 1528 1031 1600 „Ubi
1059 1530 1230 1589 consecutio

86 1635 190 1714 aliqua
212 1654 309 1694 rerum
332 1642 385 1694 aut
415 1653 508 1694 nexus
538 1633 742 1713 exprimendus
769 1640 833 1718 est,
861 1633 981 1712 ponitur
1002 1653 1054 1704 ec,
1084 1653 1143 1692 non
1169 1635 1230 1694 ut.”

88 1741 176 1806 lluod
199 1740 226 1800 si
248 1741 336 1817 Atque
357 1741 511 1822 legeretur
539 1740 568 1798 iu
590 1738 734 1809 Medicam
756 1737 786 1796 id
807 1735 917 1798 ferrem
939 1758 1177 1819 reponeremqne.

174 1844 252 1916 G.3,
263 1845 336 1906 3⁰5.
379 1845 443 1904 llae
459 1840 594 1923 (caprae)
605 1861 711 1918 quoque
723 1860 781 1900 nou
794 1860 865 1900 euru
878 1845 958 1901 codis
969 1845 1074 1901 koiera
1096 1845 1229 1904 mendae.

86 1951 164 2007 Haec
188 1993 195 2008 .
220 1992 227 2006 .
251 1994 259 2009 .
282 1951 385 2008 meede
404 1948 598 2028 Ladewigius
620 1946 757 2027 scripsit,
788 1953 907 2006 secutus
928 1947 1108 2008 Paldamnm.
1152 1950 1232 2008 llaec

85 2053 278 2135 Ladewigius
300 2054 529 2133 iuterpretatur:
559 2070 638 2125 „ea‚
672 2035 747 2131 quae
769 2051 854 2110 modo
878 2052 913 2110 de
936 2053 1125 2113 curaecium
1147 2072 1229 2132 prae·

86 2159 182 2238 cepi,’'
201 2177 277 2238 quae
300 2159 447 2218 sententia
469 2156 647 2218 alienissima
670 2163 716 2216 est
738 2155 774 2216 ab
802 2157 859 2216 lroc
886 2157 971 2228 loce,
1006 2155 1035 2217 id
1058 2157 1152 2236 quod,
1180 2158 1229 2238 qui

86 2264 210 2323 animum
233 2264 270 2322 ad
293 2282 339 2335 ee,
363 2281 437 2343 quae
458 2263 544 2322 modo
567 2262 642 2321 dixit
665 2268 763 2341 poeta,
785 2261 929 2332 attendit,
952 2261 998 2322 vel
1021 2280 1080 2320 non
1102 2263 1230 2322 monitus

86 2370 175 2442 videt,
200 2376 282 2428 certe
303 2368 453 2428 dicendum
475 2375 558 2428 erat:
593 2365 694 2438 „llaec
716 2370 833 2446 qnoque
859 2386 917 2425 non
940 2365 1051 2426 minore
1072 2385 1136 2427 cum
1159 2385 1230 2428 cura

86 2474 274 2554 exsequenda
296 2481 375 2544 sunt,
399 2491 483 2551 quam
507 2472 569 2545 illa,
592 2491 667 2551 quae
688 2471 725 2531 de
747 2471 925 2532 curantium
944 2472 1117 2552 praccepi3’'
1132 2493 1229 2553 quam·

86 2599 169 2659 quam
194 2577 296 2657 quecui
319 2584 436 2657 potest,
466 2596 532 2635 num
562 2575 679 2637 verbum
707 2576 841 2636 tuendi
872 2577 900 2636 in
929 2576 982 2635 tali
1011 2596 1044 2636 re
1066 2577 1139 2638 satis
1162 2598 1227 2657 pro-

85 2685 145 2763 prie
168 2683 294 2744 dicatur.
339 2683 501 2742 Praeterea
522 2683 598 2754 uide,
621 2683 810 2754 Anthoni,
834 2657 978 2762 quomode
1001 2683 1074 2744 llaec
1095 2685 1173 2744 inter
1194 2705 1228 2745 se

85 2789 256 2868 conspirare
283 2795 391 2869 putes:
424 2789 526 2862 „llaec
555 2791 645 2871 (quae
676 2789 762 2847 modo
792 2789 828 2848 de
850 2807 921 2848 cura
951 2788 1047 2849 ovium
1076 2789 1227 2871 praecepi)

88 2896 198 2956 tuenda
220 2903 300 2965 sunt,
323 2915 389 2956 nec
413 2897 531 2957 minor
551 2916 640 2956 usus
663 2895 780 2968 erit;”
803 2913 869 2953 num
891 2913 962 2954 usus
985 2897 1226 2974 praecepterunl

84 3002 122 3059 At
154 3019 214 3058 non
245 2999 281 3058 de
311 3001 413 3060 horum
443 3002 575 3063 utilitate
606 3002 724 3082 agitur,
754 3000 805 3060 sed
835 2999 871 3059 de
908 2999 1038 3059 utilitate
1072 3018 1224 3079 caprarum

84 3112 256 3185 comparata
279 3109 340 3180 (ue.
365 3108 427 3167 306
451 3106 529 3187 sqq.)
554 3126 618 3166 cum
639 3105 769 3166 utilitate
792 3105 915 3166 ovium.'
942 3105 1073 3184 Apparet
1093 3125 1137 3166 us.
1161 3109 1223 3166 305

83 3233 102 3270 a
123 3211 291 3291 praeceptis
318 3212 473 3270 transitum
502 3210 567 3271 lieri
597 3210 634 3270 ad
661 3209 826 3270 universum
852 3226 947 3289 genua
980 3209 1128 3288 cuprinum
1150 3211 1224 3270 eius·

83 3335 141 3396 que
174 3314 352 3386 utilitatem,
383 3333 440 3394 quo
469 3315 648 3374 intransitu
672 3332 793 3374 necesse
815 3320 880 3372 erat
908 3313 1058 3395 designari
1080 3315 1108 3374 id
1129 3335 1225 3398 genus

85 3420 131 3481 vel
156 3439 210 3479 suo
234 3421 349 3480 nomine
372 3421 463 3503 (quod
487 3443 545 3482 non
568 3424 641 3482 satis
664 3431 733 3502 apte
754 3422 782 3480 h.
806 3421 827 3480 l.
848 3419 949 3501 fieret)
974 3422 1021 3482 vel
1043 3425 1223 3502 pronomine.

84 3527 122 3583 llt
146 3532 266 3584 constat
287 3526 364 3584 Haec
386 3528 523 3606 antiquos
546 3528 656 3587 dixisse
678 3547 731 3607 pro
755 3529 825 3599 ilua,
850 3527 901 3586 sed
923 3528 959 3599 si,
981 3536 1015 3587 ut
1036 3548 1091 3607 par
1111 3537 1168 3600 est,
1191 3529 1222 3589 li-

83 3632 147 3689 dem
170 3629 306 3689 habemus
324 3631 497 3709 optimorum
514 3633 652 3692 librorum
673 3631 860 3703 testimoniis,
884 3631 1043 3713 Vergilium
1063 3633 1114 3693 illa
1127 3632 1223 3695 forma

83 3735 259 3794 abstinuisse
281 3736 448 3809 credemus3
475 3736 649 3816 relinquitur
669 3736 783 3818 igitur,
806 3736 882 3815 quod
905 3755 965 3816 ego
984 3737 1107 3818 aliique,
1136 3739 1222 3819 inpri·
1294 3789 1301 3803 .

84 3840 137 3898 mis
159 3839 322 3917 llauptius‚
344 3840 412 3899 tuiti
434 3859 533 3900 sumus
552 3843 612 3898 llee
635 3882 643 3901 .
665 3882 674 3902 .
697 3884 703 3899 .
725 3843 854 3901 menuae.
899 3840 1020 3900 Verbum
1043 3848 1117 3902 lteri
1138 3844 1166 3903 in
1189 3865 1222 3904 re

83 3945 220 4024 pecuaria
249 3942 397 4024 proprium
420 3952 467 4004 eet
488 3945 650 4025 diciturque
676 3945 713 4005 de
735 3945 851 4018 alendo,
873 3948 1096 4021 conservando,
1118 3969 1221 4029 propa·

84 4049 182 4131 gando
206 4067 310 4129 grege.
360 4048 479 4108 Alendie
504 4061 617 4122 eutem,
647 4052 855 4112 conservandis
884 4055 1140 4134 propagandisque
1174 4075 1220 4117 ca·

88 4152 146 4232 pris
168 4173 227 4212 nen
243 4148 382 4212 minorem
397 4171 495 4212 curam
514 4155 638 4234 impendi
653 4156 717 4216 vult
738 4165 838 4235 poeta,
861 4175 947 4236 quum
964 4158 1075 4220 ovibus.
1110 4159 1176 4225 Qua
1190 4163 1219 4222 in

85 4278 117 4318 re
136 4276 198 4316 cum
216 4257 372 4318 dissentiat
393 4235 612 4339 epopulerilms
633 4261 705 4332 suis,
727 4261 826 4322 dedita
847 4280 939 4345 opera
959 4263 1035 4324 hunc
1056 4265 1217 4326 dissensum

86 4382 168 4426 versu
192 4365 253 4422 305
279 4370 419 4424 testatum
441 4363 515 4425 feeit
536 4367 693 4448 statimque
708 4367 745 4427 de
766 4368 895 4429 utilitate
916 4387 1067 4448 caprarum
1086 4373 1218 4451 exponit,
