2940 4894
215 253 256 316 76
647 251 767 318 Pbillppi
783 251 920 318 Wagnerl

212 409 315 470 Heleni
337 407 424 468 sociis
447 408 475 466 in
499 404 663 466 memoriam
692 424 832 466 reuocare
862 413 1013 486 putemus,
1053 405 1166 466 seilicet
1199 423 1258 484 quo
1291 404 1349 464 ista

213 522 320 572 certam
343 557 351 571 .
376 556 383 573 .
408 556 415 571 .
437 521 517 571 retro
539 509 720 590 itaintelligi
742 510 867 589 possint,
890 512 1035 591 quomodo
1057 511 1185 590 intelligi
1207 509 1271 572 vult
1293 509 1349 568 La·

213 617 377 698 dewigius:
402 615 666 695 „pervicaciter
688 613 785 674 socii
807 621 887 676 retro
904 615 1082 678 dautvela’'.
1126 615 1186 674 Sed
1208 614 1267 674 ista
1289 613 1351 672 uni·

212 741 297 783 verse
319 722 398 781 dicte
420 739 477 778 non
501 718 588 779 aliter
617 718 671 777 nisi
697 717 833 780 universe
863 719 942 779 diota
972 718 1064 799 accipi
1096 726 1237 798 possuntr
1269 719 1349 798 quod

213 827 239 886 si
261 834 350 906 poeta
372 826 438 894 boe,
461 824 539 903 quod
560 823 625 883 vult
645 821 847 902 Ladewigius,
870 823 1050 884 subindicare
1073 822 1183 892 voluit,
1207 823 1352 901 peccavit,

212 931 281 1010 quia
302 950 338 989 ea
359 928 448 990 rerba
470 948 528 988 uon
558 934 626 986 sunt
655 927 697 987 ita
720 937 906 1007 conparata,
937 936 971 987 ut
999 928 1028 986 id
1057 926 1240 1007 subintelligi
1267 939 1353 987 rente

211 1035 316 1114 possit.
361 1033 441 1092 Tum
462 1032 600 1094 vitiosum
622 1040 669 1090 est
691 1032 779 1102 illud,
808 1033 915 1112 quippe
937 1033 1022 1092 nimis
1044 1032 1220 1113 ambiguum,
1243 1043 1352 1090 cartam

211 1149 252 1198 art
273 1141 344 1197 dore
365 1141 451 1197 linteo
472 1147 567 1208 retro,
600 1155 675 1216 quae
697 1136 786 1197 verbo
808 1157 865 1196 non
887 1136 976 1197 facile
998 1144 1121 1216 apparet
1143 1135 1353 1216 signilicentne

211 1244 250 1313 id,
274 1243 351 1322 quod
373 1248 458 1321 putat
476 1239 677 1321 Ladewigius,
701 1248 803 1313 „stat
824 1241 894 1300 dare
917 1240 1008 1300 lintea
1028 1241 1141 1312 netro’',
1164 1260 1200 1299 au
1224 1240 1351 1312 „dubi-

212 1349 290 1407 tari
322 1368 389 1407 non
420 1353 547 1425 potest
580 1345 689 1425 quin”
719 1355 771 1404 cet.
822 1346 880 1406 Sed
909 1346 981 1405 hece
1010 1346 1122 1406 leviora
1143 1353 1221 1406 sunt.
1265 1346 1352 1406 Nunc

211 1453 267 1512 Tu
289 1451 356 1511 mibi
379 1451 543 1521 considera,
566 1450 758 1522 Anthoni,
778 1459 977 1530 praeceptum
1008 1451 1101 1529 ipsum
1124 1451 1237 1522 lleleni,
1269 1453 1351 1531 quod

162 1605 163 1610 ι
210 1557 429 1636 simplicissimis
451 1555 547 1616 verbis
570 1554 738 1613 continetur
759 1575 802 1615 vs.
826 1557 907 1614 4131
938 1555 1108 1628 „dextrum
1123 1553 1197 1632 fuge
1225 1553 1296 1614 lituu
1319 1565 1352 1614 et

210 1664 333 1723 undas'’.
386 1662 444 1728 eui
476 1660 591 1719 tandem
621 1660 777 1731 convenit,
800 1667 898 1720 testor
918 1661 1097 1742 elegantiam
1121 1660 1197 1718 Tui
1226 1660 1350 1740 ingenii,

190 1779 193 1786 ’
209 1769 239 1827 in
262 1769 328 1829 sola
351 1761 626 1826 commemoratione
644 1753 872 1844 eius'praecepti
887 1786 948 1826 rem
970 1773 1029 1826 tam
1043 1766 1202 1844 simplicem
1224 1785 1351 1826 onerare

209 1872 311 1934 talium
334 1873 486 1953 ambagum
510 1871 627 1951 ineptiis
649 1879 766 1950 tamque
789 1871 868 1931 inani
895 1871 1049 1933 verborum
1078 1871 1219 1950 strepitu!
1262 1869 1350 1931 Deni-
1451 1903 1452 1928 l

209 1998 265 2058 que
287 1977 456 2038 consideres
489 1975 574 2038 velim
602 1996 714 2035 omnem
745 1976 889 2036 orationis
918 1983 1050 2037 tenorem
1071 1976 1138 2035 inde
1160 1995 1179 2034 a
1197 1959 1243 2035 ue.
1268 1978 1350 2036 bot:

210 2083 308 2155 „Nos
331 2081 434 2164 fugam
456 2080 616 2152 celerare”‚
648 2081 710 2140 668
735 2080 975 2152 ,‚Verrimus”‚
1012 2081 1074 2140 677
1098 2078 1349 2150 ‚,Gernimus’'.
1451 2071 1452 2076 ¹

209 2188 333 2254 Quinem
355 2186 550 2267 sunt'igitur‚
574 2205 648 2265 quos
671 2205 714 2247 vs.
735 2185 797 2244 682
820 2185 1014 2264 „praecipites
1033 2191 1127 2244 metus
1150 2203 1219 2244 acar
1240 2184 1349 2265 agit”l

211 2293 274 2352 sine
295 2290 381 2350 dubio
405 2310 464 2349 non
488 2291 548 2361 alii,
572 2309 657 2369 quam
680 2290 820 2368 quiante
843 2289 1061 2350 commemorati
1082 2296 1161 2362 sunt,
1183 2289 1265 2348 Nos.
1309 2290 1349 2349 At
1451 2331 1452 2338 ι

207 2403 328 2475 repente
351 2394 468 2453 aberrat
491 2414 509 2454 a
531 2394 684 2472 proposito
701 2393 797 2453 oratio
812 2393 848 2452 ad
864 2393 952 2455 verbe
966 2394 1015 2464 „ni
1041 2401 1189 2453 teneant
1210 2394 1348 2453 cursus”.

209 2500 315 2560 Socios
338 2497 489 2580 significat
511 2503 611 2578 poeta,
634 2503 676 2556 ait
698 2495 904 2577 Ladewigius3
934 2516 994 2577 ego
1017 2517 1076 2556 non
1098 2505 1263 2576 poetam,
1296 2499 1347 2558 sed

210 2606 373 2685 imperitum
400 2605 525 2683 aliquem
552 2601 783 2664 versificatorem
805 2603 833 2662 id
854 2602 954 2663 facere
977 2603 1214 2663 existimaverim.
1258 2604 1347 2666 Nulla

207 2711 290 2772 facta
310 2718 356 2770 est
378 2711 407 2769 in
430 2709 507 2768 omni
529 2709 581 2768 illa
595 2708 764 2768 narratione
784 2709 891 2768 mentio
911 2709 1068 2787 peculiaris
1081 2708 1238 2780 sociorum,
1262 2729 1347 2789 quae,

209 2818 234 2876 si
256 2816 300 2875 illi
314 2821 418 2874 eontra
438 2813 619 2875 voluntatem
634 2815 716 2874 ducis
729 2813 881 2884 fecissent,
903 2813 1083 2873 nullomodo
1106 2812 1164 2872 fuit
1177 2814 1348 2878 omittenda.

208 2925 351 2985 Fatebere
374 2943 448 3004 ergo
472 2941 592 2993 mecum,
615 2923 784 2993 Antboni,
808 2922 833 2980 si
855 2927 903 2980 tot
917 2928 1075 3000 tantaeque
1096 2941 1145 2982 res
1160 2931 1347 2994 concurrant,

208 3050 282 3110 quae
296 3028 427 3089 fraudem
442 3035 617 3109 coarguant,
641 3027 710 3107 nihil
725 3033 850 3096 restare,
873 3025 929 3085 nisi
940 3034 973 3085 ut
983 3024 1115 3084 fraudem
1129 3024 1239 3086 foetam
1255 3045 1348 3107 agno·

211 3155 277 3196 scas
299 3143 351 3195 aut
372 3153 476 3195 versus
499 3133 574 3195 istos
597 3131 791 3192 incredibilem
818 3131 847 3190 in
871 3131 984 3190 modum
1006 3139 1162 3210 corruptos
1192 3151 1259 3192 esse
1289 3138 1347 3190 sta·

208 3249 284 3301 tuas.
330 3238 405 3296 lllud
427 3238 481 3300 vix*
500 3245 547 3298 est
567 3241 645 3318 quod
667 3240 789 3310 addam,
813 3239 885 3308 (etsi
905 3238 934 3298 id
957 3257 1072 3319 quoque
1096 3239 1124 3297 in
1147 3236 1289 3297 eiusmodi
1311 3256 1344 3296 re

207 3346 262 3409 vim
290 3343 457 3425 argumenti
488 3343 591 3417 babet]
615 3341 756 3404 detractis
784 3344 828 3402 bis
858 3343 988 3406 versibus
1018 3344 1087 3403 nibil
1118 3342 1278 3402 desiderari
1310 3344 1346 3402 ad

207 3449 298 3531 ipsius
307 3447 484 3508 uenationis
495 3447 704 3529 integritatem.
727 3447 873 3526 Quidquid
886 3453 1060 3525 temptatum
1075 3455 1121 3507 ert
1135 3447 1169 3507 ab
1183 3448 1346 3528 interpreti·

206 3556 259 3615 bus
282 3556 318 3614 ad
345 3551 552 3614 enucleandam
584 3553 758 3612 sententiam
788 3553 890 3610 borum
903 3624 905 3630 Α
919 3569 1071 3622 versuum,
1102 3551 1170 3610 nibil
1199 3551 1347 3614 inventum

207 3667 264 3732 est,
287 3659 363 3739 quod
386 3659 507 3738 dignum
522 3656 562 3716 sit
579 3656 747 3737 Vergiliana
763 3656 950 3737 simplicitate
963 3663 1052 3734 atque
1069 3657 1229 3737 elegantia.
1261 3657 1346 3720 Novo

206 3765 292 3824 mo'do
314 3783 375 3822 rem
397 3762 536 3842 expedire
563 3770 686 3822 conatus
713 3770 759 3822 est
780 3763 1126 3822 Haeclrermannus
1158 3763 1187 3821 in
1217 3762 1347 3822 llliitue.

105 3896 108 3903 ·
206 3869 247 3929 lii
268 3871 423 3942 amucbrr'st
440 3873 490 3940 ster
513 3869 563 3924 dus
584 3870 826 3943 ppmrasr'ulursrn
851 3869 945 3939 1853,
969 3887 1037 3949 pag.
1055 3871 1096 3928 88
1111 3887 1154 3947 sq.
1198 3868 1257 3926 Sed
1273 3888 1348 3949 quae

205 3971 244 4032 ibi
271 3972 389 4051 scripsit
411 3971 456 4030 vir
485 3970 688 4042 doctissimus,
722 3991 775 4043 ea,
807 3979 840 4031 ut
870 3972 961 4031 multa
990 3971 1025 4030 ab
1055 3972 1120 4032 aliis
1149 3974 1348 4052 grammaticis

207 4077 296 4138 variis
319 4078 356 4136 de
377 4077 464 4136 rabum
485 4074 522 4135 ad
544 4074 704 4156 Vergilium
728 4077 927 4157 spectantibus
949 4076 1113 4157 disputata,
1135 4074 1266 4138 fortasse
1288 4077 1346 4139 alio

206 4188 339 4261 tempora
361 4180 487 4261 locoque
509 4188 649 4241 excutere
671 4180 779 4240 licebit.

292 4287 365 4346 Aen.
389 4289 418 4359 3,
442 4287 504 4348 690
527 4305 572 4365 oq.
619 4286 712 4363 [loto
734 4287 907 4344 monstrabat
934 4288 1062 4362 relegens
1084 4295 1182 4344 arroto
1204 4297 1344 4346 retrorsus

622 4393 720 4450 bttcro
742 4391 958 4460 Acbemeotdts,
988 4407 1078 4448 comes
1099 4391 1222 4464 infelicis
1245 4393 1343 4471 utrm]
