2960 4898
218 231 260 292 5ss
657 220 774 289 Philippi
793 223 928 290 Wagneri

218 388 314 457 firmes
336 373 527 457 hedewigins
550 381 580 434 et
606 373 767 454 Hauptins,
802 393 861 457 ego
889 381 979 436 tenax
1007 376 1134 436 instituti
1164 375 1221 436 mei
1251 375 1363 436 retineo

217 491 329 562 leopos,
352 482 478 563 priorem
500 478 654 540 lectionem
676 478 808 538 lllcdicel.
852 480 891 539 Et
915 484 1009 554 firmes
1043 481 1151 540 lectum
1174 481 1264 560 paulo
1286 489 1364 572 ante,

221 612 266 653 vs.
291 591 373 660 330,
406 584 530 664 suspitio
561 591 607 644 cst
635 582 777 642 insedisse
807 583 901 643 adbuc
930 585 959 643 in
991 587 1129 645 memoria
1160 583 1363 655 librariorum
1460 577 1461 632 l

222 703 284 752 tum
307 689 484 770 exquisitius
506 694 553 746 est
575 693 605 745 et
627 705 696 745 raro
720 695 891 768 usurpatum
912 689 983 748 illud
1003 708 1101 764 pecces
1124 695 1251 765 inopere.

312 794 386 853 deu.
412 796 462 863 ll,
486 793 559 852 487.
603 792 742 851 Rutulum
764 794 883 850 meraco
904 796 1015 852 indutu
1036 799 1114 852 ereis

431 897 572 956 Horrebat
590 899 721 969 squamis.

222 1004 337 1062 rotem
360 1019 377 1060 e
399 1001 509 1081 paucis,
532 1018 625 1078 neque
647 1000 682 1058 iis
704 999 838 1078 optimis,
866 999 954 1060 libris
976 1009 1150 1079 receperunt
1173 1001 1364 1082 ludewigius

223 1113 256 1166 et
276 1103 431 1182 Hauptius.
476 1103 562 1170 Quod
584 1123 636 1163 eos
658 1103 766 1164 fecisse
788 1123 845 1163 nou
868 1105 973 1184 opinor
987 1105 1129 1164 Mecrobii
1150 1105 1301 1185 Gelliiquc
1323 1115 1364 1165 te-

224 1207 363 1269 stimonio
386 1205 499 1281 ἰτρίοις
523 1227 586 1267 nam
610 1209 713 1266 biaut
736 1209 874 1268 memorie
888 1206 953 1268 felli
976 1216 1028 1268 aut
1049 1228 1120 1270 vere
1142 1227 1244 1268 manus
1263 1229 1365 1269 eorum

224 1334 243 1374 a
273 1311 399 1371 librariis
427 1312 576 1372 obliterari
606 1313 711 1391 potuit.
761 1313 822 1373 Nec
851 1313 957 1372 abutar
984 1313 1079 1375 verbis
1102 1313 1243 1373 Varronis
1266 1315 1304 1374 de
1329 1315 1363 1374 L.

225 1419 262 1477 L.
285 1419 315 1487 7,
338 1417 379 1476 83
403 1417 535 1488 „aurci
557 1417 632 1476 enim
653 1417 782 1489 rutili,
804 1426 835 1478 et
855 1417 923 1477 inde
943 1418 1030 1478 etiam
1054 1417 1189 1478 mulieres
1208 1418 1297 1478 velde
1319 1439 1364 1478 ru·

224 1521 275 1582 fae
298 1520 405 1580 rutilae
425 1521 559 1592 dictao,”
581 1541 639 1600 quc
662 1520 797 1602 probem,
819 1540 957 1580 aeneas
980 1540 1044 1581 cum
1066 1522 1175 1580 thorax
1196 1521 1254 1581 iste
1277 1542 1363 1602 sque·

225 1646 287 1687 mas
320 1624 469 1695 hebuerit,
497 1625 623 1684 eliorum
645 1625 680 1684 eb
710 1645 746 1684 ee
779 1645 811 1685 re
839 1645 906 1685 esse
935 1627 1108 1687 adiectirum
1129 1629 1262 1699 rutilum
1298 1647 1362 1686 nam

226 1732 303 1788 huuc
324 1727 412 1787 etiarn
435 1729 511 1787 aeris
534 1729 662 1787 colorem
685 1727 779 1788 fuisse
799 1747 863 1788 cunr
891 1730 950 1788 alia
972 1730 1119 1801 indicant,
1149 1739 1208 1788 turn
1238 1731 1363 1791 Sueten.

226 1834 296 1893 Ner.
322 1835 336 1890 l
359 1832 453 1892 Lucio
475 1832 622 1905 Domitio,
649 1833 698 1912 qui
720 1833 826 1913 primus
848 1834 1036 1894 Aenobarbus
1059 1835 1172 1905 dictus,
1203 1836 1364 1896 rutilum

228 1935 383 2013 acrique
404 1936 613 1996 adsimilem
636 1937 771 2018 capillum
794 1937 909 2010 tribuit3
940 1947 1094 2017 praeterea
1115 1937 1182 1999 vide
1205 1939 1265 2010 sis,
1295 1941 1365 1998 An·

228 2039 350 2110 thoni,
382 2059 495 2101 veranus
520 2037 583 2101 490
606 2050 637 2101 et
659 2061 733 2121 quae
754 2042 792 2101 ibi
819 2043 848 2100 iu
871 2037 961 2102 Varr.
984 2043 1082 2102 Lecti.
1104 2042 1217 2121 scripsi.
1262 2044 1366 2124 Neque

230 2145 318 2205 etiam
348 2163 426 2226 nego
455 2145 624 2205 inusitatum
646 2145 738 2206 videri
760 2145 889 2205 tbcracis
912 2145 1062 2226 cpitbeton
1085 2165 1103 2204 a
1125 2145 1225 2223 populi
1248 2149 1367 2207 nomine

229 2255 374 2319 tractum3
397 2267 462 2308 nem
484 2248 655 2330 Argivum
674 2267 808 2321 ensem,
842 2269 926 2329 quem
957 2250 995 2308 ad
1024 2249 1161 2308 tuendum
1184 2250 1364 2310 Rutulum

230 2354 353 2412 thoraca
375 2372 412 2411 ex
434 2352 507 2412 Aen.
531 2356 568 2424 2,
591 2353 653 2414 393
676 2351 764 2412 affert
787 2353 939 2425 Heinsius,
968 2372 1069 2433 parum
1097 2352 1234 2432 ponderis
1255 2355 1286 2412 in
1310 2356 1365 2416 bac

229 2476 320 2517 cause
347 2456 454 2516 babere
485 2466 616 2536 apertum
646 2465 702 2516 est.
746 2458 948 2519 Verumtamen
978 2458 1105 2517 Rutulus
1136 2458 1274 2517 tboraeas
1303 2468 1365 2520 tum

231 2560 500 2644 praestantissimus
531 2561 561 2622 in
595 2561 681 2622 ltalia
704 2562 818 2623 babitus
841 2584 907 2624 esse
929 2561 1098 2645 siguificare
1120 2571 1209 2641 poeta
1231 2561 1366 2625 fortasse

231 2664 343 2735 voluit,
380 2671 413 2723 ut
433 2664 525 2724 stuc
546 2665 576 2725 u
598 2665 724 2726 uraca
744 2667 872 2746 inprimis
896 2668 1105 2740 rauracorum
1133 2666 1246 2726 sarran.
1271 2669 1306 2728 v.
1328 2672 1364 2729 u.
1460 2655 1461 2748 ξ

230 2773 262 2843 e,
285 2771 327 2830 24
344 2771 480 2848 „leretur
501 2765 553 2830 oie
574 2767 591 2830 d
611 2763 670 2830 'roi
692 2769 825 2854 Γρύλλου
849 2771 1032 2853 (Xenophon
1054 2772 1128 2832 euim
1151 2771 1367 2852 pulchritudine

232 2883 264 2935 et
284 2875 465 2954 praestantia
486 2893 630 2934 cruorum
652 2875 737 2936 uelde
761 2876 975 2956 delectabatur)
1003 2873 1051 2952 τὴν
1072 2877 1126 2954 μὲν
1155 2871 1266 2936 ἀσπίδα
1290 2873 1366 2962 'Ap-
1460 2929 1461 2932 ,

232 2974 348 3059 roboris
368 2976 452 3058 dxciv,
475 2974 523 3040 aba
545 2976 577 3041 dl
598 2977 758 3060 θώρακα
772 2980 938 3054 ”Assoron
960 2979 991 3044 rb
1015 2978 1048 3043 de*
1068 2979 1176 3062 κράνος
1188 2981 1366 3067 Bosorrovp-
1460 2969 1461 3016 l

255 3086 313 3146 t.”

235 3107 283 3164 νς
322 3189 394 3248 Aen.
420 3189 565 3261 11,552.
599 3191 689 3264 talare,
710 3192 784 3266 quod
802 3193 878 3264 sorta
900 3191 1031 3273 gerebat.

234 3295 300 3362 Quo
322 3310 412 3352 cause
432 3292 621 3373 hadewigius
632 3295 756 3369 parabat,
778 3305 913 3375 quaeest
934 3295 1015 3374 prior
1036 3294 1125 3354 lectio
1144 3292 1277 3365 Medicei,
1300 3315 1365 3374 pro·
1460 3295 1461 3300 ’

233 3408 344 3483 pagate
366 3419 419 3480 per
439 3407 565 3470 ceteros,
587 3416 645 3458 uuo
668 3418 707 3459 ex
727 3399 919 3459 deterioribus
937 3407 1073 3479 excepto,
1094 3398 1220 3470 codices,
1242 3398 1272 3456 in
1291 3403 1367 3474 [err-

233 3509 282 3566 bot
301 3505 467 3578 mutaverit,
490 3509 632 3583 exputare
655 3523 713 3563 non
735 3522 867 3585 possum3
889 3506 1006 3581 parebat
1026 3503 1112 3564 etiam
1127 3503 1282 3582 Hauptius.
1328 3505 1366 3564 Et

230 3615 348 3696 primus
370 3628 461 3670 onera
482 3610 544 3671 sive
566 3610 677 3670 maiore
700 3610 897 3682 siveruiuora,
917 3614 1039 3686 perimus
1059 3608 1107 3669 vel
1130 3608 1268 3668 adesum
1291 3627 1366 3668 com·

234 3724 338 3797 parata
358 3715 405 3776 vel
427 3714 554 3795 propria.
813 3781 815 3786 ι

320 3820 392 3880 Aen.
418 3824 468 3890 ll,
492 3820 565 3879 574.
609 3819 702 3876 iaculo
722 3819 831 3892 polmus
852 3817 977 3879 armavit
998 3825 1093 3880 aare.

234 3929 364 3987 eneam
392 3945 430 3984 ox
453 3924 556 3985 Seruio
586 3922 711 3984 adscivit
736 3921 950 4004 Ladewigius3
981 3924 1105 3980 merit
1139 3921 1213 4001 (nou
1242 3923 1365 3988 morte,
1460 3939 1461 3984 l

233 4039 266 4091 ut
288 4030 451 4112 imprudens
473 4028 591 4110 scripsit
612 4027 816 4108 hadewigius)
838 4047 897 4110 ego
920 4027 1049 4087 codicum
1072 4024 1249 4086 auctoritato
1272 4031 1367 4082 motus
1460 4049 1461 4064 ι

234 4137 430 4208 restituerem,
453 4134 539 4214 idque
562 4131 691 4193 servavit
713 4132 872 4212 llauptius3
895 4130 980 4211 pauci
1001 4130 1067 4190 libri
1087 4131 1218 4188 onoma
1238 4135 1367 4187 tuentur.

234 4243 343 4321 Nempe
364 4241 497 4302 Metabus
521 4239 565 4302 vel
588 4237 765 4300 venatricem
787 4236 833 4298 vel
855 4235 1034 4297 bellatricem
1055 4233 1227 4302 instituere,
1257 4251 1369 4292 armare

235 4368 308 4419 eam,
331 4367 388 4406 uon
411 4366 546 4435 onerare,
568 4343 671 4408 voluit.
