2940 4894
489 255 634 309 Lectiones
651 254 835 326 Vergilianas.
1190 255 1232 320 73

89 412 171 490 idque
192 417 229 471 ut
252 419 340 472 stare
360 410 471 492 possit,
498 426 609 480 comma
632 409 714 488 ponit
736 417 806 488 post
827 413 926 482 omn,
959 417 1027 490 post
1048 416 1125 486 uersi
1147 431 1232 491 punc·

88 523 155 588 tom,
178 534 310 596 eumque
331 515 504 578 infinitivum
527 515 681 574 Homerico
703 535 784 575 more
814 537 867 595 pro
890 517 1061 596 imperativo
1084 520 1231 591 sequimini

27 651 30 708 p
87 631 261 701 usurpatum
286 622 410 694 statuit3
441 621 515 682 idem
537 621 566 679 in
588 621 797 680 dissertatione
818 621 1011 693 scholastica,
1044 622 1090 680 cui
1112 621 1232 702 iuscrip-

87 725 124 784 sit
145 727 241 798 „siber
262 729 359 802 eiaipe
380 727 474 785 stetten
495 729 543 784 des
567 721 686 801 Vespii',
713 725 788 784 satis
810 733 910 786 notum
933 746 1001 787 esse
1022 727 1082 798 ait,
1104 725 1133 784 id
1156 725 1234 804 quod

81 830 230 909 exemplis
255 829 446 909 comprobat,
477 829 570 889 multo
591 850 610 889 a
633 829 765 911 Vergilio
795 839 905 892 novato
927 850 1010 902 esse,
1045 831 1144 909 itaque
1174 851 1232 890 nou

87 953 151 994 esse
180 934 308 1006 mirum,
343 935 368 994 si
397 935 483 994 etiam
515 933 688 997 infinitivum
719 955 772 1016 pro
804 936 976 1015 imperativo
1003 935 1145 1014 posuerit.
1189 934 1229 992 At

87 1038 139 1096 boc
162 1038 287 1117 quidem
304 1058 444 1120 nusquam
468 1047 622 1120 praetores
651 1041 686 1100 ab
715 1021 932 1102 uilo'ltomano
955 1041 1100 1119 scriptore
1123 1039 1233 1101 factum

89 1145 232 1204 novimus.
282 1146 342 1205 Res
364 1147 407 1204 ita
429 1163 461 1204 se
483 1145 589 1205 babet:
626 1145 672 1204 ubi
703 1167 843 1208 novamus
866 1145 975 1224 aliquid
1001 1145 1030 1204 in
1060 1144 1159 1223 aliqua
1181 1145 1232 1203 iiu-

87 1266 160 1324 gua,
184 1249 234 1320 id,
260 1250 287 1308 si
308 1250 410 1310 vitium
432 1268 537 1311 cavere
558 1249 709 1322 volumus,
738 1271 859 1311 neeesse
882 1257 928 1310 est
950 1248 1070 1330 ingenio
1094 1248 1157 1308 eius
1178 1246 1231 1336 iiuj

88 1370 163 1428 guae
193 1361 429 1414 consentaneam
460 1373 536 1414 esse.
590 1356 630 1414 Et
658 1355 732 1415 talia
761 1363 830 1416 sunt
859 1355 972 1426 omnia,
1006 1371 1081 1432 quoe
1110 1351 1233 1413 abonis

89 1455 285 1534 scriptoribus
314 1459 454 1519 Romanis
487 1466 597 1520 novata
626 1468 714 1531 sunt,
740 1444 840 1520 nuiluo¹
875 1466 973 1518 autem
1001 1465 1114 1518 tantum
1144 1475 1234 1516 ausus

90 1566 147 1629 est,
170 1566 206 1618 ut
228 1559 377 1623 infinitivo
400 1562 457 1623 vim
479 1562 621 1622 tribueret
646 1563 824 1642 imperativi,
855 1561 968 1622 scilicet
990 1562 1116 1642 quodid
1138 1580 1156 1619 a
1178 1560 1232 1620 La·

89 1659 148 1720 tino
171 1683 314 1725 sermone
336 1665 493 1725 abhorrere
521 1667 614 1726 visum
645 1674 701 1727 est.
745 1669 785 1728 At
815 1667 931 1727 locutus
953 1676 1001 1727 est
1028 1667 1086 1737 ito,
1114 1665 1156 1724 ait
1176 1665 1234 1726 Le·

91 1767 256 1848 dewigius,
294 1771 429 1831 Valerius
450 1771 575 1830 Flaccus
598 1773 628 1842 3,
651 1775 714 1832 412
745 1773 819 1844 „Tu
849 1773 948 1832 socios
980 1772 1161 1832 adbibere
1188 1791 1233 1830 sa·

92 1871 177 1930 oris.”
227 1873 340 1934 Vellem
362 1882 462 1934 cetero
484 1875 650 1947 adiecisset,
675 1876 753 1956 quod
776 1876 801 1936 si
823 1875 961 1947 fecisset,
983 1874 1133 1944 fortasse,
1168 1874 1234 1933 dum

92 1993 124 2032 en
145 1979 376 2051 transcriberet,
408 1981 472 2060 ipse
501 1979 601 2038 stilum
623 1981 772 2042 vertisset.
817 1982 863 2040 ita
885 1982 958 2040 euim
983 1990 1029 2040 est
1051 1980 1128 2060 opud
1151 1978 1233 2039 Vele-

94 2098 185 2142 mum:
977 2089 980 2098 ’

221 2205 275 2264 Tu
297 2201 395 2261 socios
418 2199 555 2288 adbibere
577 2203 670 2263 saeris
692 2181 882 2282 aimentaque
904 2203 1019 2283 magnis

221 2309 298 2368 Bina
321 2305 427 2389 (bimo)
449 2308 520 2369 deis.

95 2449 174 2524 ouis,
198 2468 325 2532 quaeso,
346 2421 501 2529 praeterea
523 2449 565 2509 sic
587 2449 704 2507 locutus
728 2455 790 2520 est,
817 2449 1001 2510 Anthoni:
1033 2460 1162 2508 armento
1185 2451 1224 2508 od

95 2555 186 2616 bibere
208 2557 287 2617 deist
315 2556 370 2627 At,
399 2555 511 2634 inquiet
533 2554 632 2613 nescio
663 2554 745 2634 quis,
772 2562 928 2635 zeugmate
955 2574 1026 2614 usus
1056 2563 1103 2613 est
1132 2562 1231 2634 poeta.

98 2659 239 2734 Constat,
263 2661 330 2741 quid
353 2660 393 2718 sit
414 2663 505 2717 socios
527 2657 661 2716 adbibere
682 2662 789 2731 sueris;
824 2658 875 2717 sed
904 2658 961 2717 boc
991 2658 1083 2737 ipsum
1107 2677 1170 2717 eum
1194 2659 1234 2718 sit

96 2765 178 2843 plane
200 2770 348 2828 diversum
370 2765 405 2824 ab
429 2785 476 2836 eo,
499 2764 575 2845 quod
606 2762 768 2845 significari
801 2763 933 2824 fortasse
962 2764 1067 2844 aliquis
1096 2766 1236 2825 statuerit

96 2890 144 2948 per
165 2874 220 2934 iila
242 2882 371 2930 ormeato
393 2873 451 2928 deis
473 2871 615 2942 adbibere,
639 2889 675 2928 ue
696 2870 781 2929 iocus
803 2870 916 2951 quidem
937 2877 984 2929 est
999 2869 1052 2930 tali
1075 2869 1234 2951 neugmati.

98 2975 158 3037 iure
180 2978 272 3038 etiam
295 2976 473 3057 quaesieris,
508 2975 572 3055 quis
603 2994 736 3054 umquam
763 2981 895 3034 armenta
918 2975 1026 3034 dixerit
1049 2975 1144 3036 ovest
1167 2995 1232 3034 nam

98 3099 164 3141 oves
198 3085 257 3142 boc
290 3082 357 3140 ioco
386 3080 586 3140 memorandas
619 3079 712 3139 fuisse
741 3080 828 3139 docet
850 3080 1007 3159 descriptio
1032 3078 1167 3139 sacrificii
1190 3100 1234 3141 vs.
1260 3133 1262 3138 .

98 3187 164 3248 431.
212 3187 289 3254 Quid
319 3186 414 3276 verbis
442 3204 516 3265 opus
539 3185 604 3243 esti
635 3205 692 3242 non
712 3184 853 3243 debebant
879 3185 999 3243 adrem
1022 3190 1080 3242 tam
1104 3185 1232 3266 singula·
1312 3181 1314 3186 ’

97 3309 153 3349 rem
185 3291 364 3374 probandam
391 3289 478 3351 verba
510 3294 649 3367 corrupta
683 3288 821 3347 adbiberi.
854 3321 894 3334 -·-
950 3289 1085 3348 Ceterum
1117 3289 1142 3349 si
1170 3310 1234 3349 cum

98 3396 187 3457 verbis
221 3395 398 3477 Vergilianis
424 3394 600 3474 interpretes
622 3403 842 3473 comparassent
864 3394 960 3453 iocum
979 3385 1154 3475 geminum,
1187 3394 1235 3476 qui

100 3511 197 3563 exstat
220 3505 250 3574 9,
277 3503 336 3560 194
359 3516 444 3580 sqq.:

222 3627 282 3696 „Si
302 3623 353 3682 tibi
374 3641 449 3703 quae
471 3640 561 3701 posco
584 3621 768 3702 promittuut,
792 3655 834 3666 -
857 3640 921 3679 uam
946 3622 1012 3681 mibi
1034 3621 1108 3682 facti
1215 3678 1222 3694 ,

214 3730 313 3813 ¹Fama
334 3734 382 3786 sat
407 3734 517 3787 est-
540 3726 651 3784 tumulo
675 3725 776 3787 videor
797 3727 925 3805 reperire
948 3727 1074 3787 subitio

222 3835 319 3894 Posse
341 3836 415 3893 viam
438 3832 475 3891 od
498 3850 596 3890 muros
619 3838 649 3890 et
673 3832 787 3891 moenia
808 3830 995 3903 Pallantea,”

103 3955 154 3998 nou
177 3939 362 4020 quaesissent
385 3938 491 3996 nodum
513 3937 541 3997 in
565 3937 673 4017 scirpo.

182 4081 253 4139 Aeo.
277 4080 307 4150 3,
331 4079 404 4138 ato.
448 4077 532 4143 Quae
554 4078 605 4136 tibi
626 4080 684 4135 ium
708 4080 793 4135 Troia
813 4103 853 4118 -·
878 4107 919 4120 -
943 4107 980 4118 -

103 4181 182 4252 θυοω
212 4181 363 4244 revocavit
392 4181 600 4262 hadewigius,
630 4200 689 4260 quc
716 4180 843 4240 admisso
873 4179 1010 4245 desinunt
1031 4198 1075 4240 us.
1109 4179 1172 4238 34⁰
1203 4185 1234 4236 et

105 4286 157 4348 stt
194 4289 273 4348 inter
300 4307 334 4347 ae
366 4287 533 4347 cohaerere.
579 4289 656 4360 (ioue
681 4293 784 4346 tuetur
804 4284 892 4344 etiam
913 4283 1076 4362 Hauptius,
1106 4283 1176 4344 iicet
1198 4303 1234 4342 ea

106 4390 141 4450 sit
159 4395 244 4454 unius
267 4391 376 4452 codicis
398 4390 497 4451 lectio.
