2960 4898
591 248 736 302 tentiones
752 249 938 318 Vergilianas.

572 415 583 445 ²
637 423 734 504 Caput
755 426 886 505 primum.

244 577 309 642 Pro
329 574 480 642 codicum
504 541 713 666 optimorum,
733 575 875 646 Medieei
898 577 1056 662 maxime,
1080 578 1286 646 auctoritate.

260 789 324 858 llel.
351 793 379 864 l,
402 790 444 852 co
466 808 529 872 sap-r
574 790 645 850 Ante
665 792 737 852 lenes
757 809 827 868 erpo
846 801 998 866 pascentur
1022 791 1051 852 iu
1074 793 1195 852 aethere
1217 795 1295 854 cerri

575 896 613 953 ldt
630 900 707 970 fretu
729 899 877 956 destituent
896 899 986 955 nodos
1007 899 1038 955 io
1059 899 1142 956 litore
1162 899 1259 972 piscis.

275 1033 469 1117 hedewigius
490 1053 528 1096 ex
553 1033 707 1096 fleurioi
730 1035 845 1096 Keilii
867 1035 1016 1097 sententia
1039 1034 1130 1095 edidit
1151 1038 1182 1094 lo
1204 1055 1338 1112 aequore.

188 1142 220 1204 ld
244 1141 366 1202 Vossius
388 1140 435 1202 vel
458 1147 616 1220 propterea
638 1141 824 1205 reiiciendam
853 1149 974 1214 censet,
998 1143 1075 1224 quod
1098 1140 1269 1204 vocabulum
1292 1161 1338 1200 ns·

188 1262 274 1329 quor,
296 1245 322 1304 si
346 1243 416 1304 nihil
439 1245 612 1320 accesserit,
641 1265 679 1308 ex
703 1267 760 1328 quo
795 1269 875 1309 mare
898 1249 1020 1312 iudicari
1042 1251 1248 1333 intelligatur,
1279 1271 1338 1310 nou

188 1371 269 1412 mare
289 1347 455 1431 significet,
478 1350 530 1409 sed
551 1369 693 1432 campum.
738 1353 814 1416 Vere
842 1356 893 1416 ille
925 1357 1060 1438 quidem3
1098 1356 1150 1417 sed
1181 1356 1339 1418 invalidum

190 1453 287 1516 estid
309 1461 531 1535 argumentum
563 1455 627 1515 iure
656 1457 732 1517 enim
762 1460 941 1544 respondere
970 1461 1042 1522 licet
1063 1481 1102 1522 ex
1125 1461 1248 1522 adiectis
1271 1482 1339 1541 pro·

189 1557 268 1619 ximo
289 1577 377 1620 versu
400 1559 558 1620 contrariis
580 1561 708 1644 intelligi
732 1584 821 1643 posse
842 1569 874 1624 io
895 1585 1019 1644 aequore
1036 1567 1093 1625 boc
1108 1565 1176 1628 loco
1189 1587 1255 1626 esse
1271 1566 1290 1626 i.
1308 1587 1336 1650 q.
1369 1617 1371 1624 Α

188 1663 356 1735 inmari,
385 1669 419 1723 ut
440 1664 513 1726 Aen.
536 1667 567 1738 4,
589 1669 653 1727 240
683 1667 854 1740 „sublimem
885 1670 941 1732 alis
970 1671 1034 1732 sive
1067 1690 1230 1750 aequora
1252 1669 1337 1731 iuxta

188 1770 249 1832 Seu
272 1775 414 1828 terram
438 1769 591 1848 portant.”
636 1772 807 1834 Lectinuem
829 1777 861 1833 la
882 1777 996 1833 uellere
1016 1783 1118 1838 tuetur
1134 1776 1272 1850 Servius3
1296 1777 1337 1838 in·

188 1879 371 1955 terpretatur
393 1873 468 1933 euim
490 1876 609 1948 „avium
631 1898 713 1938 more
735 1879 814 1943 cervi
837 1879 1013 1956 volabuut‘';
1035 1901 1159 1958 oepcore
1174 1889 1222 1941 est
1234 1883 1263 1941 in
1275 1903 1334 1943 uno

186 1977 348 2040 Heiusieuo
372 1997 425 2059 pro
448 1978 564 2041 diversa
586 1981 724 2044 lectione.
758 1983 849 2044 Probi
873 1985 1047 2059 auctoritas,
1072 2005 1130 2066 qua
1146 1987 1250 2047 nititur
1263 1989 1333 2050 Kei-

187 2084 263 2157 lins,
297 2095 350 2149 aut
375 2086 457 2147 nulla
489 2089 536 2150 bio
563 2095 628 2164 est,
662 2095 715 2152 ant
745 2109 836 2171 prope
867 2088 965 2164 nulla3
999 2111 1065 2150 nem
1089 2090 1118 2150 in
1141 2110 1201 2152 uno
1225 2075 1336 2165 codiee,

186 2190 346 2264 Vaticano,
369 2191 482 2273 legitur
503 2213 640 2272 aequore,
664 2197 693 2257 in
716 2197 830 2268 altero,
862 2196 1017 2268 Parisino,
1048 2195 1182 2270 uellere,-
1212 2202 1336 2277 uterque

186 2304 283 2360 autem
306 2298 471 2383 descriptus
494 2306 541 2360 est
563 2320 580 2361 e
602 2301 704 2363 codice
726 2300 882 2373 bobiensi,
914 2319 998 2380 quem
1033 2300 1166 2360 exhibuit
1187 2302 1334 2383 Egnatius

184 2404 214 2466 iu
237 2425 291 2464 sua
312 2405 451 2478 editioue3
474 2405 504 2464 in
526 2425 563 2466 ea
584 2415 682 2468 autem
705 2413 807 2467 exstat
828 2407 950 2466 uellere.
995 2405 1101 2466 Verum
1125 2415 1191 2467 esto
1215 2427 1337 2485 aequore

184 2508 339 2590 scripsisse
360 2509 502 2584 Probum,
525 2531 592 2571 num
615 2512 643 2572 id
666 2512 740 2572 satis
763 2510 897 2591 probabit
919 2509 1082 2592 Vergilium
1104 2510 1147 2571 sic
1170 2511 1335 2591 scripsisse,

184 2635 249 2676 cnm
272 2615 314 2674 ita
336 2621 506 2694 comparata
528 2616 588 2674 siut
609 2615 699 2678 verba
713 2616 813 2688 Probi,
837 2621 870 2674 ut
892 2634 957 2674 eum
980 2614 1118 2675 memoria
1140 2613 1252 2695 lapsum
1268 2635 1335 2677 esse

183 2721 304 2782 credere
332 2719 439 2780 licenti
493 2720 683 2800 Quapropter
705 2721 730 2781 si
753 2721 781 2781 in
805 2719 869 2800 ipsa
892 2720 1040 2779 sententia
1063 2719 1133 2779 nibil
1156 2728 1225 2794 est,
1256 2721 1334 2806 quod

185 2833 339 2907 oppugnet
359 2825 514 2886 lectionem
534 2845 552 2884 a
575 2845 620 2886 me
642 2835 674 2885 et
696 2826 731 2885 ab
744 2825 874 2905 Hauptio
897 2832 1053 2898 retentam,
1076 2825 1147 2885 nibil
1165 2825 1233 2900 erit,
1256 2827 1333 2906 quod

184 2937 296 2991 tautum
325 2937 455 2992 veterum
487 2930 721 2992 testimoniorum
754 2949 929 2991 consensum
952 2929 1071 2992 elevare
1098 2931 1203 3010 possit.
1248 2931 1332 2990 Gom·
1376 2945 1379 2950 '

183 3037 337 3096 mendatur
357 3043 454 3098 autem
477 3035 530 3096 ilia
551 3035 683 3116 epitheto
707 3038 779 3094 lebes
800 3035 964 3098 volantium
993 3035 1129 3115 proprio,
1160 3043 1194 3095 ut
1217 3037 1332 3096 ostendi

184 3141 213 3201 in
235 3141 319 3201 verr:
341 3141 439 3201 Leott.
484 3140 597 3201 Contra
619 3141 645 3201 si
666 3141 821 3221 scripseris
844 3159 980 3216 aequore,
1005 3161 1062 3200 uon
1084 3149 1218 3220 apparet,
1242 3161 1332 3220 quare

185 3246 289 3309 levas
312 3245 493 3327 potissimum
523 3245 710 3327 appellentur
737 3245 827 3306 cervi.
879 3245 919 3304 ldt
950 3251 1075 3324 possunt
1102 3245 1186 3304 multi
1218 3245 1332 3326 quidem

184 3352 279 3433 pisces
300 3351 382 3412 leves
404 3351 565 3432 appellari,
588 3350 639 3410 sed
663 3370 721 3410 non
745 3369 863 3424 omnes3
893 3350 995 3430 itaque
1017 3351 1083 3409 torn
1106 3370 1164 3409 non
1187 3357 1235 3408 est
1256 3350 1333 3410 inter

183 3465 340 3540 perpetua,
363 3473 438 3536 quaa
460 3461 622 3527 vocantur,
646 3454 777 3535 epitbeta
799 3453 939 3534 pisciam3
961 3460 994 3512 nt
1016 3465 1097 3526 aves,
1120 3473 1197 3533 quae
1229 3453 1323 3513 uidem

182 3564 272 3624 altius
294 3560 415 3622 evolare
436 3566 582 3639 possunt,
605 3557 652 3638 (et
673 3557 710 3618 de
732 3559 777 3620 bis
801 3565 912 3618 tantum
937 3557 1066 3638 cogitari
1090 3577 1178 3637 porse
1202 3559 1332 3619 ostendit

181 3669 276 3748 ipsum
298 3665 471 3727 vocobulum
495 3661 695 3742 aetheris)
719 3681 821 3722 omues
843 3661 1032 3741 appellantur
1054 3662 1146 3724 leves.
1191 3661 1232 3720 At
1249 3663 1329 3735 nibil,

182 3773 295 3853 inquis,
319 3771 447 3852 impedit,
471 3770 624 3850 quominus
647 3767 742 3848 pisces
765 3767 904 3828 celeriter
926 3767 1006 3828 ultro
1031 3767 1165 3847 citroque
1187 3767 1329 3827 cursitan-

181 3886 228 3938 tes
251 3878 330 3939 leves
353 3876 497 3935 dicantur.
528 3873 601 3933 Num
625 3873 720 3954 igitur
740 3869 904 3950 putabimus
927 3871 962 3931 ab
977 3871 1118 3932 eiusmodi
1133 3871 1327 3931 cursitatioue

181 4001 286 4044 cerrus
308 3981 404 4040 dictos
426 3998 492 4039 esse
514 3979 620 4040 levesi
672 3977 790 4036 Minime
819 3977 933 4057 quidem
955 3977 1013 4036 hoc
1034 3976 1120 4048 loco,
1151 3975 1220 4056 quia
1242 3995 1328 4057 pas·

180 4093 321 4146 centes
340 4103 399 4145 non
429 4083 584 4144 cursitant.
635 4082 763 4142 Pacilius
791 4081 924 4153 tulerim,
954 4080 979 4140 sd
1009 4098 1114 4141 cervos
1144 4080 1225 4142 leves
1254 4081 1284 4141 b.
1307 4080 1327 4143 Ι.

182 4198 339 4272 propterea
360 4189 415 4248 dici
438 4194 541 4269 putes,
563 4187 640 4268 quod
663 4206 721 4246 uon
745 4192 937 4268 mergantur3
961 4200 1133 4265 quamquem
1155 4184 1183 4244 id
1207 4184 1328 4265 piscium

181 4302 407 4358 cortorulum
430 4313 487 4354 non
519 4293 672 4365 convenit,
699 4303 823 4372 quntum
852 4297 900 4350 est
929 4291 1039 4372 mergi,
1069 4309 1127 4350 nou
1159 4291 1188 4350 in
1218 4311 1328 4352 summa

179 4419 258 4485 aqua
279 4406 392 4460 natare.
424 4397 541 4460 Keilius
562 4398 715 4482 epitheton
736 4399 840 4458 terna
862 4403 1011 4459 statura
1034 4411 1187 4458 corvorum
1201 4402 1328 4463 tractum
