2940 4894
521 225 666 276 Lectiones
683 223 867 289 Vergilianum
1222 225 1262 283 77

130 377 775 461 llosquoqueversusabiudicaviaVesgiliu.
802 377 1263 438 Dissentinntamelabniusha·

129 486 279 565 dewigius,
292 485 448 566 Hauptins.
482 483 825 562 Contral’eenllrampias
836 483 873 540 ad
895 502 939 544 vs.
957 478 1034 543 690:
1058 482 1163 553 „Hunc
1175 491 1207 542 et
1219 501 1261 542 se·

128 599 258 670 quentem
275 610 390 652 vamum
407 611 466 649 non
477 609 543 649 esse
552 587 687 674 Vergilii,
709 587 880 668 Wagnerus
894 587 937 646 ita
951 587 1169 647 demonstrasse
1186 589 1263 648 vido·

126 706 181 768 tur,
203 695 319 755 ntnilnil
342 696 480 775 supersit,
503 695 580 776 quod
594 694 707 754 addam.
737 693 849 752 Dudum
865 693 895 751 in
907 693 1007 752 eadem
1032 693 1168 772 opinione
1187 667 1270 754 fui.’'⁴

126 801 218 860 Unum
233 801 308 860 addo
325 802 361 861 ad
373 821 419 872 ea,
443 819 517 881 quae
533 801 601 860 olim
618 806 686 858 sunt
702 817 776 858 arne
789 798 949 876 disputata.
983 797 1015 856 Si
1031 805 1120 877 poete
1137 818 1258 860 necesse

126 905 305 966 existimarit
326 905 439 976 dicero,
471 904 547 965 unde
579 923 614 963 ea
645 903 761 962 nomina
783 903 924 982 cognorit
945 902 1070 975 Aeneas,
1093 903 1155 962 iure
1178 923 1265 983 quae

124 1031 186 1082 res,
216 1009 293 1069 unde
321 1015 406 1088 putet
437 1029 472 1068 ea
493 1005 715 1068 Achemenidem
745 1025 867 1067 noscere
895 1006 1048 1086 potuisset
1092 1008 1264 1089 „Cognovit

125 1133 168 1187 ee,
198 1114 294 1195 inquit
314 1114 522 1195 Ladewigius,
553 1132 617 1172 curn
648 1113 721 1172 istas
752 1131 820 1172 uras
849 1111 966 1191 legeret
995 1131 1058 1171 cum
1082 1112 1199 1185 Ulixe,”
1232 1122 1263 1174 et

124 1237 194 1278 sane
217 1219 291 1276 haec
311 1216 370 1277 fuit
393 1218 490 1297 opinio
513 1218 592 1288 eius,
623 1217 671 1296 qui
699 1217 753 1275 bos
775 1234 879 1275 versus
900 1216 1094 1295 interposuit3
1129 1226 1161 1276 at
1188 1220 1267 1279 unde

125 1323 207 1383 norit
231 1323 352 1382 Ulixesl
407 1323 510 1382 Laudo
540 1329 675 1403 poetam,
704 1321 782 1400 quod
805 1322 835 1392 e,
859 1322 933 1392 777,
966 1325 1198 1382 commemoratis
1227 1325 1262 1385 ab

124 1428 252 1487 Anchise
274 1427 384 1500 Gabiis,
405 1429 560 1498 Nomento,
583 1427 711 1497 Fidenis,
734 1436 801 1500 cst,
834 1426 907 1484 baec
929 1425 1024 1484 addit:
1057 1427 1158 1497 „llaec
1188 1436 1262 1488 tum

125 1532 243 1592 nomina
258 1540 354 1603 erunt,
376 1550 472 1590 nunc
494 1538 563 1590 suut
577 1531 640 1590 siue
657 1529 771 1590 nominc
784 1529 912 1589 terrae”.
957 1528 1066 1608 Nempe
1089 1550 1125 1590 ea
1147 1534 1263 1612 oppido,

124 1647 156 1696 nt
178 1638 209 1696 in
233 1637 327 1696 media
342 1637 429 1697 ltalia
451 1638 510 1697 sita
532 1655 585 1696 nec
608 1636 651 1695 ita
673 1637 763 1717 longa
783 1637 909 1695 aRoma
924 1635 1075 1708 distantia,
1097 1645 1265 1699 notueraut

123 1742 265 1801 Romanis
289 1742 430 1815 omnibus,
452 1750 542 1802 natae
563 1742 650 1800 etiam
674 1741 805 1821 origines
829 1760 939 1800 eorum.
994 1743 1097 1821 ltoque
1117 1748 1199 1802 recte
1221 1742 1263 1802 fe·

123 1850 200 1907 cisse
224 1855 314 1926 poeta
335 1848 427 1908 videri
450 1848 550 1918 debet,
574 1847 651 1926 quad
675 1847 767 1917 cavit,
794 1865 830 1905 ue
852 1846 1002 1906 videretur
1023 1867 1123 1907 corum
1147 1848 1265 1927 primur·

123 1955 169 2014 dia
193 1954 231 2012 ad
253 1955 339 2012 istam
360 1960 537 2020 vetustatem
558 1952 706 2013 reiecisse.
760 1950 801 2009 At
830 1952 900 2009 nibil
931 1971 1005 2030 opus
1034 1951 1093 2011 mm
1123 1953 1176 2012 tali
1198 1971 1263 2012 cau·

122 2060 204 2117 tione
226 2057 256 2116 in
279 2058 536 2118 commemorandis
568 2057 745 2116 Graecarum
770 2056 900 2126 urbibus,
936 2063 967 2116 et
997 2056 1086 2116 facile
1118 2057 1205 2116 etiam
1228 2058 1263 2117 ab

122 2162 330 2222 eruditioribus
357 2163 435 2222 inter
456 2163 613 2242 populares
641 2181 712 2221 suos
735 2162 893 2221 lectoribus
916 2170 947 2221 et
969 2163 1053 2220 buius
1075 2164 1118 2221 rei
1141 2171 1172 2222 et
1194 2164 1262 2222 mul·

122 2276 218 2326 tarum
241 2273 411 2346 praeterea,
434 2267 462 2325 iu
486 2265 588 2345 quibus
610 2266 782 2344 prolepseos
803 2267 866 2324 iure
888 2266 931 2325 uti
952 2265 1006 2324 sibi
1027 2266 1116 2325 licere
1138 2267 1263 2346 putavit,

121 2372 236 2432 veniam
258 2389 378 2450 sperare
400 2372 507 2450 potuit.
553 2371 647 2441 Quid,
677 2371 754 2450 quod
791 2370 943 2430 ridiculum
974 2371 1019 2430 bis
1041 2371 1132 2433 videri
1155 2372 1263 2445 debuit,

123 2477 146 2536 si
170 2477 248 2536 adeo
270 2476 387 2555 ineptos
409 2495 441 2535 sa
465 2476 665 2536 existimasset
687 2482 794 2555 poeto,
818 2482 851 2534 nt
873 2476 979 2535 additis
1002 2477 1133 2536 versibus
1157 2480 1264 2538 690·—

123 2583 160 2642 91
187 2599 261 2640 suae
283 2581 449 2640 curiositati
470 2579 657 2640 satisfactum
680 2600 745 2640 esse
776 2589 924 2660 putarent.
976 2581 1036 2640 Aut
1065 2582 1090 2640 si
1117 2583 1173 2640 boc
1195 2581 1262 2642 loco

122 2687 283 2746 arbitratus
306 2694 354 2745 est
375 2687 447 2746 baec
470 2685 630 2745 adiicienda
651 2705 719 2746 esse
742 2686 777 2744 ad
800 2684 887 2745 fidem
909 2685 951 2744 rei
974 2706 1026 2765 per
1049 2705 1081 2745 sa
1104 2687 1265 2748 incredibili

122 2791 298 2862 faciendam,
321 2809 382 2862 cur,
405 2798 439 2850 ut
461 2791 517 2850 boc
539 2809 625 2850 unum
649 2789 780 2862 afferam,
805 2791 902 2850 omisit
924 2792 1055 2863 eandem,
1078 2792 1103 2851 si
1125 2791 1180 2852 diis
1202 2794 1263 2872 pla·

124 2904 183 2968 cet,
205 2895 387 2976 diligentiam
410 2915 509 2982 supra,
531 2916 576 2956 vs.
600 2899 674 2968 553,
704 2895 753 2955 ubi
775 2897 972 2957 Caulonem
994 2905 1028 2956 et
1051 2897 1262 2974 Scylaceum

122 3004 240 3063 Aeneas
263 3019 295 3058 se
317 3001 594 3082 praeternavigasse
615 2999 726 3061 referti

211 3105 285 3166 Aen.
308 3108 338 3177 3,
362 3109 437 3167 702.
462 3108 653 3186 [lacteamque
676 3110 743 3166 ceto
761 3107 842 3179 tenti
863 3108 1029 3182 copoomioe
1050 3105 1151 3184 utem]

123 3212 197 3272 lluic
231 3231 346 3292 quoque
374 3213 472 3273 temni
498 3211 699 3292 Ladewigius,
736 3218 771 3268 ut
799 3217 869 3270 ante
890 3209 1103 3282 Lacbmannus,
1133 3210 1264 3270 detraxit

123 3336 216 3377 ancos
239 3317 267 3376 in
291 3317 402 3376 minore
424 3316 552 3376 editione
578 3335 597 3374 a
619 3336 664 3375 me
691 3315 819 3388 additos,
841 3316 910 3374 item
932 3315 1088 3393 Henptius.
1131 3315 1263 3376 Alteram

125 3422 265 3501 syllabam
289 3421 413 3481 nominis
437 3423 504 3480 Gelu
525 3426 606 3480 recte
629 3440 663 3480 ac
685 3420 802 3480 ratione
824 3421 994 3500 productam
1017 3439 1083 3478 esse
1106 3421 1148 3479 ait
1169 3422 1261 3481 Laeli·

124 3546 246 3587 mannus
268 3527 305 3586 ad
327 3526 446 3584 Lucmt.
470 3527 498 3596 6,
521 3526 595 3596 971,
617 3525 799 3606 alterumque
821 3527 885 3584 eins
907 3525 950 3584 rei
973 3525 1134 3604 exe-plum
1158 3545 1174 3586 e
1194 3525 1261 3586 Ver·

125 3632 198 3714 gilio
222 3629 311 3690 affert
333 3629 369 3688 G.
394 3633 428 3700 lt,
452 3631 514 3689 343
537 3629 654 3709 „Atque
678 3633 790 3708 prprc
821 3639 910 3710 etque
933 3631 1003 3710 (ipis
1030 3638 1061 3690 et
1082 3631 1153 3690 Asin
1174 3629 1261 3692 lleio·

125 3737 217 3817 pea'’;
241 3735 285 3794 sic
306 3734 344 3793 ibi
364 3751 439 3793 unus
461 3734 619 3806 Mediceus,
643 3737 736 3795 ceteri
757 3739 877 3812 Ephyre.
928 3736 968 3794 At
990 3735 1111 3816 primum
1133 3755 1190 3794 non
1214 3745 1262 3795 est

126 3841 263 3903 credibile
286 3839 389 3899 Silium
412 3827 483 3898 Gelai
507 3846 644 3918 correpte
667 3840 810 3898 dicturum
832 3840 941 3911 fnisse,
973 3839 999 3898 si
1026 3839 1133 3898 scisset
1153 3859 1171 3898 a
1194 3838 1261 3898 Ver·

127 3947 200 4028 gilio
224 3945 366 4025 producte
391 3943 624 4022 pronuntiatum3
656 3950 715 4003 tum
743 3945 815 4004 illud
838 3963 954 4023 quoque
983 3943 1034 4003 vix
1062 3949 1163 4022 potest
1184 3943 1261 4002 dnbi-

128 4052 196 4123 tnri,
219 4051 287 4131 quin
311 4047 474 4128 Vergilius,
507 4055 540 4106 ut
569 4047 641 4106 lecit
662 4049 691 4107 in
714 4049 800 4121 aliis,
833 4051 901 4109 item
931 4050 960 4108 in
982 4049 1119 4128 Ephyrae
1146 4050 1262 4110 nomine

127 4156 227 4215 lonico
248 4153 344 4214 forma
366 4169 437 4211 urus
459 4152 508 4210 sit.
560 4152 621 4212 Nec
643 4153 787 4232 Hauptius
812 4174 883 4214 ase
905 4154 1080 4233 impetravit,
1104 4161 1139 4212 ut
1163 4153 1263 4213 ederet

131 4263 260 4335 Epltpra,
291 4257 367 4338 quud
390 4257 503 4336 quidem
536 4255 637 4316 facile·
659 4259 738 4317 nasci
761 4261 859 4338 potuit
882 4279 920 4318 cx
942 4259 1084 4338 principio
1113 4258 1262 4338 subiectae

126 4363 258 4444 copulae.
303 4363 424 4424 Rectius
446 4362 549 4444 igitur,
574 4365 687 4442 opinor,
718 4364 867 4436 statuerit,
899 4365 948 4445 qui
971 4363 1079 4424 dixerit
1103 4363 1261 4444 Vergilium
