2940 4894
254 290 298 354 08
690 283 808 350 Philippi
826 283 962 352 Wagner-i

254 447 420 503 monrtrata
441 439 500 499 sint
522 437 645 508 altaria,
669 433 788 516 (,‚Effer
810 454 931 516 aquam,
964 442 995 496 et
1016 434 1097 495 molli
1119 434 1207 516 cinge
1233 433 1325 493 haec
1352 435 1402 495 al·

254 547 360 608 toria
382 540 491 623 vitta”)
521 562 578 600 non
611 541 696 600 modo
726 561 784 600 non
815 539 975 600 desiderari
1002 561 1045 601 ve.
1069 542 1110 599 74
1135 558 1296 618 pronomen
1318 540 1403 609 tara,

255 653 308 713 red
337 651 436 730 potius
471 648 597 707 otiorum
623 647 725 708 videri.
769 645 859 725 Atqui
893 645 918 704 si
947 645 1119 707 vocobulum
1145 647 1253 703 altaria
1274 663 1334 703 non
1360 663 1405 702 re.

256 756 346 838 quirit
371 773 546 836 pronomen,
568 753 692 833 requirit
713 759 810 811 autem
832 755 964 828 effipiam,
987 751 1054 831 qnid
1076 747 1405 828 dubitemueompienti

257 863 336 944 quod
357 881 405 922 ree
426 861 490 941 ipae
513 859 625 941 exigitt
669 858 711 917 Aa
735 857 799 919 vide
822 856 889 917 mihi
912 875 1007 929 nune,
1029 863 1062 915 ut
1084 855 1319 935 pharmaceutria
1343 855 1405 914 ubi·

259 987 316 1048 que
338 963 529 1032 monstrantia
552 969 650 1042 portes
673 968 768 1043 agat:
800 980 844 1021 vs.
868 963 910 1022 64
931 962 1002 1018 daea
1024 962 1144 1031 altaria,
1167 961 1208 1019 73
1231 962 1303 1018 daea
1323 962 1405 1033 linia,

259 1075 300 1133 80
323 1073 403 1130 timae
423 1071 469 1127 die
491 1076 522 1128 et
543 1069 614 1126 nan
635 1085 720 1147 rara,
743 1069 783 1125 83
807 1068 881 1126 dana
912 1069 1033 1142 harum,
1065 1071 1099 1126 91
1127 1067 1177 1124 dae
1199 1069 1336 1138 eamiar,
1362 1066 1404 1124 95

258 1175 309 1234 dar
330 1175 430 1233 dadae
459 1181 490 1233 et
516 1175 586 1231 dare
606 1190 731 1244 nenena,·
753 1191 819 1230 num
842 1171 935 1252 igitur
953 1169 1090 1230 credibile
1112 1177 1178 1240 eat,
1213 1187 1278 1227 enm
1305 1176 1405 1228 totum

266 1278 417 1359 negotium
439 1277 474 1336 ab
496 1277 555 1335 ieta
576 1276 746 1357 imagine
768 1275 937 1335 adornando
954 1273 1118 1353 circumque
1139 1273 1247 1332 altaria
1269 1272 1406 1331 duoenda

262 1385 375 1444 initium
408 1383 517 1462 eapiet,
539 1382 790 1460 pharmaceutriae
807 1381 931 1440 animum
964 1399 1022 1440 non
1050 1380 1086 1438 ad
1116 1380 1190 1438 hano
1218 1378 1405 1457 potissimum

263 1508 434 1550 conversum
457 1486 571 1546 fnisset

349 1611 412 1671 Eat.
437 1613 467 1683 9,
491 1613 521 1669 3.
566 1611 595 1670 ².
621 1611 777 1684 OLyaida,
799 1611 855 1666 nini
874 1613 1059 1684 pervenimus,
1083 1610 1192 1665 adnena
1214 1609 1305 1665 narni

621 1713 689 1779 Quo
710 1731 859 1788 numquam
881 1718 964 1773 varin
984 1732 1085 1784 snmus,
1106 1725 1137 1772 at
1154 1731 1298 1787 possessor
1319 1715 1407 1788 apelii

615 1821 731 1878 Diceret
752 1827 809 1878 eet.

263 1943 369 2002 'l'eneo
396 1943 464 2015 (ina,
487 1943 580 2004 donee
603 1945 771 2004 eonstiterit
793 1949 995 2018 „pervenientia
1016 1943 1066 2001 at’
1087 1941 1222 2002 Latinum
1242 1901 1324 2013 ense,
1349 1943 1406 2002 etsi

264 2051 327 2132 ipse
355 2046 440 2107 etiam
463 2048 608 2127 Hauptine
630 2050 711 2121 Qaad
739 2049 898 2110 revocavit.
944 2047 1098 2118 Uirronem,
1132 2047 1157 2104 ei
1181 2047 1239 2118 Ona
1271 2046 1405 2126 legatur,

263 2155 352 2216 facile
374 2153 440 2213 inde
461 2153 556 2234 repeti
577 2154 627 2224 aa,
660 2153 736 2232 quod
767 2158 888 2232 propter
909 2152 1024 2213 verbnm
1052 2156 1227 2228 pervenimus
1258 2151 1404 2212 desidera·
1457 2175 1458 2180 ¹

265 2269 330 2330 tur;
360 2257 388 2316 id
419 2264 510 2338 negat
531 2256 654 2315 dnhnins
677 2277 730 2335 per
751 2256 839 2317 verba
861 2256 1037 2336 interposita
1059 2259 1167 2314 advena
1189 2257 1281 2312 nostri
1304 2255 1404 2316 licere.

265 2365 303 2424 nt
326 2382 409 2442 quam
441 2369 539 2442 aptum
567 2369 614 2421 eat
642 2359 812 2441 perturbato
834 2360 974 2420 Moeridis
1007 2361 1102 2420 animo
1132 2378 1228 2442 genus
1258 2362 1405 2420 erationis

264 2470 320 2529 hoe
343 2467 531 2549 perplexum!

350 2591 387 2650 G.
402 2596 430 2664 1,
441 2593 514 2652 419.
544 2589 667 2662 Deerat,
680 2600 922 2664 erantquaerara
933 2593 1025 2664 modo,
1038 2599 1073 2661 et,
1089 2591 1264 2664 praedensa,
1280 2591 1405 2649 reiaoat

265 2701 361 2758 meet
387 2696 577 2778 hadewigins
606 2704 637 2755 et
663 2695 818 2775 Hauptius.
871 2695 1004 2755 Nondum
1044 2715 1088 2754 me
1117 2695 1248 2775 paenitet
1291 2715 1405 2768 eorum,

267 2823 341 2884 qnae
364 2822 417 2882 pro
438 2809 559 2882 recepto
580 2821 598 2860 a
621 2821 665 2860 me
681 2800 777 2860 forma
798 2804 896 2860 deam
909 2801 1066 2882 diqputavi,
1089 2820 1124 2860 eo
1148 2801 1251 2872 minua,
1274 2803 1355 2881 qnod
1379 2804 1404 2862 in

268 2908 332 2988 ipro
355 2908 487 2970 Medieeo
509 2908 538 2968 11.
561 2907 582 2967 l.
605 2909 701 2966 meet
730 2907 760 2966 in
786 2910 884 2966 densat
911 2897 1058 2980 mutetur,
1088 2906 1223 2986 quodque
1254 2911 1405 2969 contraria
1456 2887 1457 2910 Χ

266 3015 296 3074 in
329 3013 391 3074 eius
423 3033 526 3075 versus
554 3012 694 3093 principio
728 3013 868 3092 exituque
900 3013 1013 3093 posite,
1048 3016 1147 3070 densae
1178 3055 1185 3071 .
1216 3056 1223 3070 .
1254 3018 1406 3090 .relaaat,

267 3119 468 3179 commendent
485 3117 560 3177 hano
583 3125 777 3178 extremarum
799 3118 974 3194 syliabarum
997 3118 1221 3179 similitudinem.

354 3241 392 3301 G.
415 3242 447 3312 Β,
470 3241 543 3300 230.
805 3251 834 3299 et
851 3244 926 3300 inter

291 3348 390 3406 ·Dura
410 3350 487 3405 taret
506 3363 619 3424 pernox
641 3347 761 3404 instram
780 3365 854 3405 rana
874 3347 967 3406 auditi.

265 3455 371 3528 peruia
391 3455 558 3511 mennatum
581 3469 601 3508 a
622 3448 814 3531 Ladewigio;
847 3451 898 3511 sed
926 3470 983 3510 non
1008 3449 1101 3510 solum
1135 3448 1299 3520 uitandi,
1328 3451 1403 3510 nnde
1455 3429 1456 3436 i

270 3555 380 3618 tactum
400 3558 515 3630 peruia,
537 3552 781 3636 significationem
803 3554 838 3614 ab
861 3554 1218 3625 horioeoolienamenee,
1240 3553 1292 3614 aed
1315 3555 1403 3616 etiem

268 3663 383 3724 adiecta
403 3660 455 3720 illa
476 3662 595 3718 tasnato
617 3661 720 3732 aediti,
741 3661 784 3720 ite
805 3667 976 3741 comparata
997 3677 1073 3732 aare,
1096 3668 1128 3719 ut
1150 3678 1242 3739 paene
1264 3656 1403 3742 flagitent
1455 3649 1456 3688 1

264 3785 388 3845 pernae,
409 3767 437 3826 in
460 3761 599 3824 confesso
622 3772 678 3825 ert.
720 3766 984 3842 Retinuit'pernor
1006 3765 1093 3826 etiam
1116 3765 1269 3845 Hauptiua.

357 3889 394 3950 G.
419 3890 450 3959 3,
474 3889 547 3946 241.
846 3900 877 3949 at
900 3893 958 3948 ima
979 3899 1124 3948 reaestuat
1142 3890 1219 3948 unda

389 3993 550 4062 Vorticibus,
571 3994 737 4067 niqramqae
757 3995 812 4052 aire
834 3994 979 4054 subiectat
999 4012 1126 4054 arenam.

268 4100 407 4160 uberem
426 4093 632 4176 ledewigiua,
667 4096 745 4176 quod
767 4117 805 4158 ex
831 4118 885 4160 usn
908 4099 1050 4158 sermoni·
1072 4097 1171 4158 Latini
1192 4096 1342 4156 constanti
1364 4095 1401 4156 di·
1454 4147 1455 4164 ,

269 4204 346 4263 citur
366 4204 403 4264 de
424 4203 470 4273 iia,
493 4200 543 4280 qui
564 4219 656 4260 onere
677 4210 852 4281 supportant
873 4205 935 4265 nive
956 4223 994 4264 ex
1016 4205 1083 4264 dono
1105 4203 1136 4261 in
1158 4201 1252 4260 ionum
1273 4199 1401 4274 vehunt,

267 4311 402 4367 natuerat
421 4305 542 4368 retinrdt
563 4323 672 4365 menum
695 4306 848 4385 Hauptiue.
1454 4299 1455 4380 i

357 4413 394 4481 G.
417 4416 448 4485 3,
472 4412 544 4472 235.
590 4413 664 4472 229.
709 4413 786 4487 Erpa
809 4416 884 4472 omni
906 4432 977 4472 arra
998 4417 1068 4473 viria
1090 4420 1203 4474 ereren
1224 4453 1231 4467 .
1256 4453 1261 4466 .
1287 4453 1293 4466 .
