2940 4894
249 251 292 312 64
678 253 797 322 Philippi
815 255 951 320 Wagner-i

249 404 466 478 existimemus,
498 425 536 494 ne
565 405 700 466 turbetur
729 407 921 487 aequabilitas
945 409 1104 482 sermonis,
1134 427 1209 488 qaae
1233 411 1387 474 intercedit

250 511 330 571 inter
358 511 410 571 illa
436 522 465 570 et
493 514 587 570 ambs
614 521 642 570 et
670 529 782 570 manum
805 555 812 570 .
837 555 844 571 .
867 555 874 570 .
896 532 979 588 seque
1004 517 1102 589 ipsum.
1156 515 1321 576 Praeterea
1343 525 1387 577 est

250 615 325 694 apud
357 615 417 674 Cin.
446 616 501 694 llp.
533 615 569 674 ad
591 616 654 674 Att.
681 617 741 687 16,
767 618 786 675 8
819 617 1020 689 „Veterenas,
1056 618 1177 698 quiqui
1206 619 1330 680 Casilini
1360 631 1388 681 et

250 718 401 788 Calatiae,
431 718 568 796 perduxit
590 719 626 778 ad
649 737 729 778 suam
752 720 964 780 sententiam”:
988 721 1079 792 adde,
1111 741 1186 800 quae
1207 724 1298 802 paule
1323 733 1389 785 ante

250 822 440 893 laudavimus,
464 822 546 882 ovid.
569 823 605 882 A.
628 824 664 882 A.
690 828 717 895 l,
741 825 802 884 267
826 833 858 884 et
879 825 990 885 Lucan.
1014 829 1044 897 8,
1068 827 1141 885 612.

337 928 421 993 tluae
443 945 507 986 eum
530 927 572 986 ita
594 929 670 1000 sint,
706 930 938 1009 quotusquisque
967 931 1023 990 iam
1049 931 1123 1002 erit,
1154 932 1203 1010 qui
1226 931 1387 1014 Vergilium

249 1034 370 1105 quisquis
392 1051 445 1109 pre
469 1035 556 1106 quiete
579 1031 689 1092 dixisse
712 1030 856 1105 affirmet,
879 1033 966 1113 idque
989 1054 1054 1094 eum
1077 1035 1177 1095 Plauti
1197 1035 1387 1117 Lueretiique

248 1134 382 1214 example
404 1133 535 1195 fecisset

333 1238 396 1298 llel.
418 1242 449 1310 7,
472 1240 525 1298 51.
568 1241 664 1297 sante
685 1241 780 1296 iacent
787 1241 891 1311 passim
904 1257 955 1296 rua
970 1258 1085 1319 queque
1107 1242 1155 1299 sub
1177 1243 1386 1318 urberepnnm.

331 1344 399 1402 Non
423 1342 570 1422 persuasit
591 1341 659 1402 mibi
679 1342 881 1402 Lanbmaunus
912 1345 962 1422 (ad
984 1345 1103 1405 Lueret.
1128 1349 1158 1417 2,
1180 1345 1259 1427 371)
1288 1369 1386 1410 veram

246 1467 313 1508 esse
339 1447 478 1506 librarum
509 1446 666 1506 lectionem
696 1454 842 1525 reeeptam
874 1447 954 1506 illam
986 1467 1005 1505 a
1026 1449 1202 1530 hedewigis
1229 1459 1322 1532 atque
1350 1453 1384 1514 ab
1459 1507 1460 1514 ,

246 1553 376 1632 llauptie
400 1571 469 1624 „saa
492 1570 624 1631 quaeque
654 1552 703 1609 seb
725 1553 830 1610 ardere
847 1549 966 1626 pema”,·
994 1572 1083 1632 quare
1113 1574 1172 1614 nen
1194 1560 1384 1634 persuaserit,

244 1658 395 1737 apparebit
417 1657 519 1728 Tibi,
540 1655 730 1727 Anthani,
753 1656 877 1735 epinnr,
900 1656 924 1715 si
947 1658 1082 1736 exempla
1103 1665 1135 1717 et
1157 1679 1175 1719 a
1196 1660 1383 1724 Isaabmanna

245 1770 276 1822 et
303 1771 373 1822 ante
403 1783 421 1820 a
443 1761 683 1821 Drakenborebie
713 1768 744 1820 et
767 1760 890 1822 Dukern
912 1762 948 1821 ad
970 1762 1035 1822 Liv.
1060 1764 1089 1834 3,
1113 1765 1154 1824 ²2
1177 1772 1208 1824 et
1236 1785 1255 1824 a
1276 1767 1383 1831 Madvi-

245 1866 297 1946 gie
332 1867 368 1926 ad
392 1866 453 1925 cie.
486 1865 522 1924 de
552 1865 617 1925 Flu.
642 1869 679 1938 5,
705 1869 755 1937 17,
783 1866 823 1927 lt
856 1865 983 1925 collecta
1014 1866 1186 1946 diligentius
1218 1871 1383 1932 examinare

244 1989 353 2029 mecum
375 1970 514 2031 valueris.

329 2076 360 2132 ln
384 2093 420 2132 ea
441 2093 474 2132 re
503 2093 560 2132 neu
591 2073 664 2133 satis
693 2072 882 2132 attenderunt
903 2074 1103 2152 grammatici,
1134 2079 1279 2156 quemodo
1309 2082 1383 2140 inter

243 2201 276 2240 se
305 2181 432 2240 disereta
464 2180 524 2240 sint
554 2199 618 2238 snus
650 2184 762 2255 quisque
791 2188 822 2240 et
849 2199 913 2238 suns
939 2200 1069 2256 quemque
1091 2190 1246 2264 eeteraque
1268 2185 1381 2256 similia,

242 2292 396 2363 praeterea
430 2304 487 2344 nen
517 2284 618 2343 eadem
646 2282 750 2361 ubique
781 2282 866 2342 meda
897 2283 953 2341 boe
982 2284 1074 2363 ipsam
1103 2305 1166 2346 suas
1194 2292 1308 2363 quisque
1330 2289 1382 2349 diei

242 2389 349 2448 solere.
401 2389 462 2448 Nee
491 2388 654 2466 promiscue
685 2387 741 2446 diei
769 2407 833 2446 suus
854 2391 966 2462 quisque
987 2396 1017 2449 et
1038 2409 1101 2448 saus
1122 2411 1255 2467 quemque
1275 2393 1323 2454 vel
1347 2415 1381 2454 ex

243 2513 278 2553 66
302 2492 495 2572 intelligitur,
528 2491 605 2571 qued
632 2511 689 2550 nnn
718 2491 823 2571 ubique
853 2491 975 2551 alterum
1005 2493 1092 2553 alteri
1123 2495 1300 2556 substituere
1333 2507 1382 2558 aut

242 2618 345 2658 sensus
368 2598 480 2676 patitur
502 2603 554 2655 aut
576 2596 660 2676 leges
683 2596 892 2676 grammaticae
914 2597 1022 2656 sinunt.

331 2707 382 2772 la,
405 2705 474 2760 Sans
505 2703 618 2775 quisque
647 2700 765 2780 primum
795 2701 914 2780 panitur
944 2701 973 2759 in
1004 2699 1166 2761 definienda
1198 2709 1380 2782 tempere.

207 2808 212 2818 '
243 2807 322 2866 Nota
345 2812 413 2864 sunt
436 2805 488 2864 illa
510 2809 594 2864 tertio
619 2825 725 2880 qaoque
746 2808 802 2878 dte,
823 2823 924 2876 meam,
947 2825 1038 2876 anae,
1069 2809 1123 2866 alle
1147 2809 1206 2866 mal
1225 2810 1276 2867 dea
1298 2813 1382 2870 dritta

235 2913 314 2984 jair.
367 2909 421 2968 Ubi
452 2917 547 2968 autem
570 2929 618 2968 res
640 2908 716 2969 fiunt
744 2929 803 2969 nen
824 2911 1012 2970 dinumeratis
1035 2911 1227 2990 temporibus,
1260 2914 1311 2972 sed
1341 2923 1380 2973 ta·

240 3035 304 3075 men
327 3022 409 3074 certe
432 3021 571 3093 statuque
583 3023 724 3093 tempere,
746 3035 800 3074 eae
815 3013 890 3074 fiunt
907 3035 956 3074 sue
971 3035 1076 3091 queque
1092 3019 1147 3089 die,
1169 3035 1271 3087 mense,
1293 3038 1380 3093 anne,

242 3123 296 3178 alle
317 3121 375 3176 mel
395 3137 455 3178 sam
478 3119 646 3178 bestimmten
669 3129 742 3197 tapa,
766 3130 890 3206 manate,
907 3122 1002 3192 jabre.
1046 3120 1158 3179 Licebit
1180 3141 1241 3181 rem
1263 3131 1294 3182 et
1316 3143 1380 3184 sun

240 3241 418 3302 quamque
440 3241 571 3281 mense
593 3220 693 3284 faeere
716 3232 746 3282 et
768 3241 836 3282 sun
869 3243 1022 3304 qunque
1050 3243 1190 3284 mense.
1244 3225 1304 3310 Qui
1337 3247 1379 3287 se·

240 3327 316 3387 mina
345 3345 408 3386 suo
440 3345 599 3404 quaeque
632 3346 748 3386 mense
778 3327 868 3399 serit,
907 3328 932 3387 is
965 3327 1151 3408 significatur
1184 3349 1242 3388 nnn
1275 3331 1379 3408 quavis

239 3451 337 3492 mense
358 3449 473 3500 serere,
495 3430 546 3490 sed
569 3449 623 3500 ea,
647 3449 704 3509 quo
727 3451 825 3491 serere
856 3451 987 3511 quaeque
1008 3432 1145 3493 convenit
1152 3454 1161 3504 3
1199 3434 1248 3512 qui
1269 3433 1379 3492 semina

239 3555 310 3595 sue
334 3551 486 3615 qunque
508 3551 635 3592 mense
658 3533 749 3606 serit,
772 3535 797 3593 is
820 3535 926 3595 dicitur
948 3555 1097 3614 semper
1119 3543 1230 3596 eertum
1251 3539 1394 3598 mensem'

238 3659 373 3709 seruare,
403 3636 452 3715 qui
473 3635 603 3696 serendis
634 3636 792 3716 quibusque
813 3639 968 3699 seminibus
997 3647 1084 3717 aptus
1105 3639 1153 3699 sit.
1199 3639 1301 3718 ltaque
1324 3641 1378 3699 Co·

237 3742 306 3801 lum.
331 3747 381 3812 ll,
404 3743 423 3799 3
447 3739 507 3810 „llt
537 3739 671 3818 queniam
702 3742 918 3819 persensuimus
947 3761 1055 3822 opera,
1086 3761 1160 3821 quae
1188 3743 1271 3801 suis
1303 3745 1378 3821 qui·

237 3847 386 3926 busque
416 3844 664 3921 temporibus
696 3846 763 3904 anni
792 3847 908 3907 vilicum
938 3847 1059 3925 exsequi
1087 3825 1269 3926 npertedet”‚
1300 3847 1319 3905 i.
1352 3869 1376 3907 e.

238 3955 299 4024 τοῖς
322 3949 371 4010 e'sl
391 3945 558 4024 καθήκουσι
575 3946 705 4028 χρόνοις.
758 3951 871 4014 Vitruv.
896 3956 926 4023 2,
949 3956 979 4024 9,
1002 3956 1022 4010 4
1046 3971 1100 4024 „ea
1124 3952 1199 4012 enim
1221 3971 1285 4011 eum
1306 3971 1376 4012 sua

239 4077 390 4139 qunque
412 4065 590 4135 tempere
611 4055 647 4116 ad
670 4057 755 4117 imum
772 4058 926 4137 perforata
941 4060 1138 4120 castrantur'’.
1183 4059 1291 4118 Eadem
1313 4080 1377 4138 per·
1455 4039 1461 4113 l

237 4167 340 4238 tinent,
363 4182 438 4243 quae
460 4181 496 4220 ex
509 4160 668 4222 Pandentis
690 4163 792 4222 attulit
813 4164 951 4224 Dukerus
975 4165 1052 4235 „nisi
1073 4183 1136 4223 sua
1158 4182 1299 4242 quaque
1322 4165 1377 4224 die
1455 4142 1460 4157 ¹

237 4289 343 4329 usurae
379 4267 600 4338 exsultentur,'’
623 4284 684 4326 sam
711 4270 914 4344 ledesmabpsn
937 4273 1070 4338 termine,
1102 4276 1133 4327 et
1169 4286 1311 4340 „eurare,
1343 4278 1375 4328 ut

237 4395 326 4455 opera
361 4375 472 4434 rustica
502 4393 574 4434 sun
605 4392 765 4452 queque
799 4380 971 4452 tempere
1002 4370 1126 4430 facias.”
1169 4370 1235 4432 Liv.
1259 4373 1310 4442 33,
1334 4376 1374 4434 aa
