2960 4898
231 209 278 281 28
631 253 636 264 ·
670 218 791 290 Phiiippi
807 220 944 288 Wugurri

228 393 312 436 uuum
334 373 551 436 numericorum
567 375 750 436 multitudine
765 375 991 457 comparaveris,
1005 374 1157 437 admodum
1175 393 1285 456 pauea3
1308 375 1375 440 dedi

229 489 326 543 autem
349 499 467 562 operam
490 482 610 552 sedulo,
634 501 671 541 ne
692 483 769 562 quod
791 501 809 542 ε
831 501 877 542 me
899 482 1192 562 praetermitteretur.

316 585 460 644 interdurn
484 586 597 664 pieuiur
612 585 794 665 interpunxit
809 584 936 646 Wolfiua
952 605 1017 646 eum
1032 585 1110 659 aiibi,
1133 593 1192 646 tum
1208 585 1255 644 uiri
1271 595 1375 666 reperte

228 691 371 750 Homerus
393 697 462 750 ante
483 689 634 772 signifieat
655 691 692 752 ud
715 691 774 751 alia
796 712 829 752 ae
850 691 1052 751 transiturum.
1097 690 1151 751 Ubi
1173 689 1216 750 itu
1234 692 1318 772 quasi
1341 711 1375 752 εο

227 795 372 876 proclinat
395 795 491 854 oratio
514 795 551 855 ad
573 794 739 876 sequentia,
770 796 797 855 id
820 796 913 875 ipsum
936 795 1029 855 leuius
1052 793 1285 875 interpungeudo
1309 803 1375 856 erat

226 899 421 972 indicandum
447 917 540 979 neque
563 899 636 958 enin
659 901 772 979 patitur
793 919 829 959 ea
851 899 1026 980 proclinatio
1042 884 1142 961 vocem
1166 899 1286 958 multum
1308 896 1372 958 eub-

225 1003 301 1064 mitti
323 1011 375 1064 aut
402 1005 562 1064 subsistere
590 1011 660 1064 ente
691 1004 964 1084 interpunctionem.
1014 1005 1182 1086 Propouem
1208 1005 1372 1086 insigniora

225 1108 365 1192 quaedem
388 1109 522 1189 exempla
544 1108 629 1168 huius
649 1108 702 1168 rei.
746 1110 780 1170 ii.
806 1113 834 1182 i,
855 1113 917 1170 ⁴28
939 1129 1004 1193 sqq.
1034 1111 1106 1172 haee
1127 1111 1284 1193 leguntur:

260 1213 325 1284 ‘ue
346 1207 419 1292 ἄρα
442 1209 626 1292 (γεννῆσαί
653 1212 792 1294 (Thetin)
816 1209 1057 1296 ἀντεβήσανο,
1079 1209 1132 1278 τὸν
1143 1209 1167 1278 δ’
1186 1210 1262 1280 ίλτιί
1275 1207 1369 1276 αὐτοῦ

264 1315 413 1400 χωόμενον
436 1310 514 1378 maed
536 1313 635 1394 θυμὸν
657 1315 796 1390 ἐϋζώνοιο
818 1314 968 1398 γυναικὸς,

268 1421 319 1504 τήν
342 1425 382 1506 ῥα
403 1417 452 1505 βίη
473 1418 616 1490 ολίκονιοι·
636 1417 804 1511 empireo}
820 1455 860 1470 -
881 1419 1013 1505 Adrdp
1033 1415 1231 1490 Ὀδυσσεὺς

267 1526 298 1600 εἰ·
319 1525 444 1609 Χριίσην
467 1519 565 1588 ἵκανεν
588 1536 640 1587 σοι.

223 1634 313 1696 θιοίεἰ
335 1653 463 1705 οοοεοιε,
486 1633 564 1713 quod
587 1630 715 1692 wolfius
740 1631 839 1712 posuit
862 1637 931 1711 post
952 1624 1067 1708 θυμόν,
1093 1637 1249 1712 praeterea
1270 1631 1368 1702 coion,
1465 1687 1466 1690 ,

223 1741 300 1823 quod
323 1747 370 1800 eat
394 1746 462 1819 port
481 1733 665 1818 ἀνεβήσετο,
688 1757 752 1796 eum
774 1744 918 1797 oommete
939 1734 1124 1800 commutavi.
1168 1736 1226 1798 Sed
1248 1738 1367 1798 unito
1465 1751 1466 1772 ¹

222 1865 338 1928 quoque
361 1844 498 1906 mutanda
519 1852 566 1904 eet
588 1843 801 1923 interpuncti03
835 1842 992 1922 respicitur
1013 1842 1088 1902 enim
1111 1861 1168 1902 οοο
1191 1842 1228 1907 od
1252 1860 1366 1916 novum,

220 1953 272 2013 eed
294 1952 330 2012 ad
352 1959 421 2010 ante
443 1951 499 2010 iem
521 1956 726 2030 praeparatum
756 1947 921 2028 negotium,
953 1947 1031 2027 quod
1060 1948 1232 2029 exsequitur
1254 1947 1366 2008 Ulixes.

220 2057 304 2117 Meno
327 2063 434 2136 poetae
456 2056 528 2114 haee
548 2057 607 2114 est':
653 2053 754 2125 „Haeo
776 2053 870 2132 igitur
891 2051 934 2110 eie
955 2052 1035 2112 dicta
1056 2061 1182 2134 actaque
1203 2061 1282 2126 aunt,
1307 2054 1364 2114 Uii-

220 2181 275 2222 xee
297 2168 394 2222 autem
416 2158 505 2231 feeit,
525 2177 600 2238 quae
623 2157 650 2216 ei
672 2157 814 2234 imperata
836 2155 935 2215 eunt.'’
963 2155 1073 2216 Similia
1095 2157 1234 2238 quaedam
1257 2159 1364 2220 oratio·

220 2266 264 2328 nis
286 2264 483 2326 conformatio
506 2261 731 2342 deprehenditur
753 2261 854 2320 eodem
876 2259 949 2320 libro
973 2281 1017 2322 ve.
1040 2263 1101 2321 345
1126 2281 1207 2343 τηερε

255 2365 318 2439 Ὦς
338 2363 452 2450 φοίτό·
476 2362 659 2447 Πάτροκλος
681 2361 712 2426 δὲ
736 2365 814 2444 φίλη
837 2360 1007 2426 ἐπεπείθεθ’
1032 2359 1157 2443 ἑταίρῳ·

243 2473 295 2538 ἐἰν
319 2470 341 2534 δ’
367 2467 460 2552 ἄγαγε
483 2469 597 2549 κλισίης
619 2471 768 2549 Βρισηίδα
790 2465 1007 2550 καλλικάρηον,

221 2557 225 2566 ’
262 2579 340 2640 δῶκε
362 2573 386 2638 d'
411 2571 503 2656 ἄγειν.
524 2573 566 2636 τοὶ
590 2573 613 2636 δ’
640 2566 726 2644 αὖτις
749 2569 810 2653 ἴτην
831 2569 915 2654 ιταροὶ
938 2575 1011 2653 νῆας
1031 2570 1183 2655 Ἀχαιῶν·

262 2679 278 2764 ή
301 2678 326 2744 δ’
352 2677 468 2744 citrove*
494 2675 558 2760 ἅμα
581 2685 658 2741 τοῖσι
676 2676 745 2758 γονή
769 2676 839 2740 κίεν.
865 2713 904 2726 -
927 2674 1063 2759 Airoip
1083 2673 1289 2760 Ἀχιλλεὺς

261 2784 415 2867 δακρύσας
436 2782 552 2865 ἑταίρων
573 2779 658 2862 ἄφαρ
682 2780 761 2857 ἕζετο
784 2794 836 2844 cei.

216 2892 446 2976 Repraesentuvi
468 2892 514 2952 hie
537 2889 703 2950 Wolfienae
726 2888 977 2971 interpunctionee
994 2887 1100 2948 iterum
1117 2888 1190 2952 bene
1206 2889 1362 2954 οολοεεοο·
1467 2957 1468 2966 ¹

217 3003 260 3062 tia
282 2998 487 3060 dissolventes.
531 2993 590 3055 Nee
612 3003 693 3055 reete
715 3002 853 3075 puuctum
875 2995 994 3075 ponitur
1015 2994 1088 3053 libro
1112 2998 1143 3068 2,
1165 2998 1227 3058 842

253 3100 317 3174 Ὧι
339 3097 415 3182 εἰροι
438 3095 618 3179 φωνήσας
639 3100 784 3182 βουλήν
808 3096 846 3172 ἐξ
866 3089 955 3180 ἦρχε
979 3103 1144 3161 νέεσθαι.

261 3203 297 3269 οί
319 3203 343 3267 δ’
370 3201 579 3283 εἰιανοίστησαν
604 3248 612 3264 .
638 3247 645 3262 .
670 3247 677 3262 .
701 3205 881 3284 σκηπτοῦχοι
900 3205 1061 3286 βασιλῆες,
1082 3214 1134 3264 cet.

215 3315 325 3378 Eodem
347 3312 420 3372 iibro
443 3309 577 3371 similiter
598 3313 715 3369 erratur
738 3329 782 3370 ve.
809 3312 884 3371 ¹49:
1127 3380 1129 3386 ἲ

262 3424 321 3482 447
346 3413 430 3489 ded
457 3411 507 3477 ὅτε
529 3410 638 3495 κινήσει
660 3414 798 3494 Ζίφορος
820 3410 903 3498 βαθὺ
926 3411 1010 3494 λήϊον
1033 3456 1041 3475 .
1066 3456 1076 3476 .
1101 3457 1110 3477 .
1151 3399 1154 3406 ’

263 3525 324 3587 149
347 3517 388 3591 ὣς
411 3520 469 3581 τῶν
491 3514 560 3580 νιᾶσ’
587 3513 681 3598 ἀγορὴ
704 3513 894 3606 κινήθηήτοῖ
917 3512 942 3580 δ’
967 3513 1109 3597 ἀλαλητῷ

346 3625 419 3704 νῆας
440 3618 634 3685 ε’νιεσοειίοντο
658 3632 710 3682 eet.

214 3733 291 3794 Post
313 3725 419 3809 κινήθη
441 3725 487 3791 vel
510 3727 597 3788 eolon
619 3728 666 3792 ael
689 3743 801 3788 eomma
823 3726 996 3806 ponendum.
1040 3725 1194 3787 Sententia
1208 3725 1280 3786 haee
1296 3733 1356 3785 ente

215 3837 303 3897 taiem
325 3833 354 3895 in
377 3834 492 3894 nodum
512 3831 649 3894 commoti
673 3833 763 3892 multo
793 3851 857 3893 eum
883 3829 1011 3892 elamore
1033 3829 1214 3892 ruebant'ed
1235 3849 1335 3891 never.

617 4059 925 4072 ...ιιι-*ι*

242 4258 245 4268 =
300 4232 346 4292 Ex
368 4232 488 4312 Hymnir
509 4233 670 4299 iinmerieie
691 4237 728 4297 ed
758 4235 850 4319 ipriur
877 4237 996 4298 Homeri
1025 4238 1055 4298 in
1077 4235 1133 4296 Ιιοο
1155 4251 1265 4314 genere
1286 4250 1354 4294 ooo·

212 4335 393 4401 mentimur
415 4337 535 4420 propina
556 4339 698 4404 aeoedunt
718 4343 827 4425 primur
848 4349 880 4402 et
893 4341 1048 4414 secundun,
1070 4337 1188 4400 tertium
1207 4345 1353 4421 quartum·
