2940 4894
214 238 281 303 112
622 233 744 322 Philippi
761 233 897 310 Wagneri

211 415 298 472 pons,
319 403 350 455 et
370 394 487 458 ridetur
507 395 564 456 boc
586 397 759 458 uocabulum
780 399 810 457 in
832 419 865 458 re
887 397 1067 480 gladiatoria
1089 395 1186 460 locum
1202 398 1359 474 babuisse3

212 501 409 584 digladiantes
432 502 508 561 enim
529 502 606 563 alter
634 503 722 563 alteri
753 504 922 565 vicissim
950 506 1098 566 intentant
1123 506 1211 566 ictus.
1254 508 1360 586 ltaquc

211 627 265 687 per
283 611 358 669 cites
379 607 512 668 alternae
534 608 711 688 petitiones,
734 609 841 669 alterni
863 611 994 671 assultus
1015 609 1180 694 significari
1201 615 1359 693 poterant3

212 711 250 771 G.
273 714 303 785 3,
327 715 409 774 220:
859 783 861 788 ,

427 818 473 879 11Ιί
495 817 742 879 alternantes
767 821 907 882 multari
930 822 1042 901 proelia
1058 821 1199 896 miscent3

211 942 265 982 nes
288 923 461 983 dixerimus:
484 943 516 984 er
538 926 609 983 bobo
630 926 731 983 leinen
751 945 827 1002 paup
850 929 901 984 mit
916 929 969 984 den
992 929 1129 986 Danaam
1150 927 1320 986 aermieden.

253 1028 326 1088 Aen.
344 1031 373 1108 2,
390 1032 463 1090 55¹1.
508 1029 587 1088 llaec
609 1028 676 1088 finis
697 1029 808 1090 Priami
831 1030 976 1103 fatorum3
1000 1032 1046 1090 bic
1068 1032 1167 1091 exitus
1189 1029 1270 1089 illum

512 1135 600 1193 Sorte
618 1134 697 1207 tulit,
720 1136 845 1196 Troiam
859 1137 1005 1196 incensam
1021 1145 1052 1196 at
1064 1136 1359 1216 prolapsevidentem

512 1240 659 1321 Pergama
681 1250 733 1299 etc.

210 1338 260 1398 Sic
287 1337 356 1402 olim
384 1340 650 1425 interpungebant3
684 1345 892 1427 Ladewigiun,
927 1345 1197 1406 llaeckermonoum
1226 1352 1358 1415 secutus,

209 1445 336 1527 itemque
357 1447 501 1529 llauptiur
524 1449 582 1509 boc
602 1451 706 1510 mode:

445 1553 525 1613 llaec
547 1553 614 1614 linis
637 1554 763 1627 Priami,
792 1553 922 1614 fatorum
944 1553 991 1612 bic
1014 1553 1112 1614 exitus
1134 1554 1215 1630 illum
1237 1564 1289 1613 eto.

207 1655 240 1716 ln
263 1657 405 1719 eiusmodi
428 1678 517 1720 eausa
540 1661 621 1741 ipsos
651 1669 767 1722 veteres
801 1661 962 1741 scriptores
981 1661 1007 1720 si
1029 1660 1216 1721 adversaries
1237 1659 1356 1740 babeas,

208 1765 459 1842 magnaoautiooe
470 1773 559 1846 atque
572 1766 759 1826 cunctatione
773 1767 927 1840 utendum3
946 1765 995 1845 qui
1010 1765 1084 1825 enim
1093 1765 1138 1824 bis
1152 1763 1255 1824 melios
1266 1783 1356 1824 nesse

207 1877 350 1947 pessunt,
374 1870 442 1949 quid
464 1879 576 1930 rectum
599 1873 658 1932 sitt
703 1873 817 1932 Gellius
843 1874 892 1944 13,
917 1875 957 1932 20
986 1870 1140 1951 coniungit
1160 1871 1250 1942 baec,
1280 1889 1356 1950 quae

208 1991 226 2032 a
248 1974 445 2053 superioribus
468 1977 628 2038 editoribus
651 1979 862 2060 iungebantur:
907 1979 986 2034 Haec
1006 1978 1072 2049 linis
1094 1977 1201 2033 Priami
1220 1979 1354 2050 sotorum.

206 2077 303 2158 Atque
335 2081 400 2161 ipsa
425 2083 588 2162 emphasis,
619 2103 693 2164 quae
725 2092 772 2143 est
800 2083 829 2141 in
858 2081 1076 2162 pronominibus
1104 2082 1182 2140 llaec
1204 2123 1212 2138 .
1236 2121 1244 2139 .
1268 2122 1277 2140 .
1299 2082 1355 2150 lic,

206 2185 323 2264 utrique
350 2187 508 2267 principem
538 2189 566 2247 in
596 2207 649 2247 suc
682 2189 834 2247 enuntiato
863 2188 958 2246 locum
987 2187 1121 2247 attribuit
1147 2203 1200 2246 nec
1223 2186 1355 2246 dubitare

207 2308 261 2348 nos
283 2290 373 2363 sinit,
397 2293 465 2372 quin
489 2293 531 2352 ita
553 2293 721 2352 distinxerit
744 2294 806 2372 ipse
829 2291 995 2372 Vergilius,
1018 2298 1051 2350 ut
1073 2300 1143 2351 ante
1164 2292 1354 2352 mutationem

205 2393 241 2454 ab
269 2395 510 2458 llaeekcrmanno
545 2398 654 2458 factam
688 2398 932 2479 distinguebatur.
983 2397 1174 2477 Ladewigius
1202 2398 1245 2456 ait
1277 2402 1356 2472 solo·

206 2517 270 2558 rom
291 2497 321 2558 in
344 2502 485 2581 principio
508 2503 652 2562 enuntiati
679 2503 806 2582 positum
836 2523 917 2575 esse,
949 2503 1027 2582 quod
1058 2504 1086 2560 in
1110 2521 1145 2562 eo
1168 2503 1354 2581 praecipuam

206 2605 261 2666 vim
285 2607 381 2667 inesse
403 2617 493 2688 poeta
516 2609 660 2682 veluerit,
691 2610 868 2688 quasivero
892 2612 1007 2668 Aeneas
1029 2629 1087 2668 non
1111 2628 1231 2669 narrare
1254 2617 1284 2668 et
1306 2610 1353 2669 de·

205 2708 322 2790 plorare
344 2713 432 2784 velit,
462 2722 496 2773 ut
518 2713 632 2785 debuit,
666 2713 732 2774 fata
755 2715 881 2785 Priami,
916 2714 967 2772 sed
990 2714 1096 2774 decere
1119 2713 1271 2773 audientes
1294 2733 1352 2772 non

204 2825 309 2876 contra
338 2817 419 2890 fato,
453 2820 504 2879 sed
536 2820 693 2879 seeundum
724 2818 789 2878 fata
809 2820 956 2878 Priamum
979 2839 1044 2878 eum
1065 2819 1175 2878 exitum
1207 2819 1352 2881 babuisse.

203 2921 305 3002 Neque
330 2943 399 2984 vcro
423 2925 480 2985 Tc
503 2924 574 2984 illud
597 2924 775 2996 morabitur,
798 2924 979 2995 Aotboni,
1003 2925 1080 3004 quod
1100 2929 1163 2999 fotu
1185 2933 1216 2984 et
1237 2943 1299 2984 sors
1323 2927 1350 2984 b.

202 3027 222 3088 l.
245 3029 320 3088 idem
342 3029 525 3111 significant,
556 3051 609 3091 nec
643 3036 800 3110 propterea
832 3031 949 3109 ineptae
981 3031 1169 3112 tautologiae
1199 3031 1350 3091 accusabis

204 3141 330 3213 poetam.
376 3137 477 3195 Totus
500 3155 563 3195 cum
586 3137 626 3196 sit
648 3137 760 3196 animus
782 3135 898 3194 Aeneae
929 3133 956 3193 in
980 3136 1136 3196 miserabili
1158 3143 1252 3195 morta
1274 3135 1350 3196 tanti

203 3241 284 3322 regis
308 3241 434 3322 olimque
456 3241 632 3316 tam-felicis
655 3241 785 3314 defixus,
814 3241 1006 3301 conveniebat
1026 3241 1110 3301 finita
1131 3260 1229 3302 earum
1252 3262 1348 3302 rerum

202 3346 389 3424 expositione
416 3348 539 3427 primum
570 3347 790 3428 simplicissimis
822 3346 917 3408 verbis
948 3353 1081 3426 repetere
1110 3366 1247 3406 summam
1271 3366 1348 3407 rems

203 3450 303 3510 llaec
325 3451 419 3511 finis
450 3453 593 3513 Priami
625 3453 808 3526 fatorum3
843 3471 918 3532 quac
948 3472 1012 3511 cum
1040 3451 1131 3512 tacite
1153 3452 1348 3534 ingemiscens

202 3558 440 3635 pronuntiasset,
464 3560 582 3631 eadem,
612 3558 708 3618 dolori
731 3579 785 3618 suo
808 3557 927 3617 liberum
951 3577 1067 3617 cursum
1090 3558 1275 3638 permittens,
1298 3579 1346 3618 ex·

202 3661 338 3742 plicatius
361 3663 443 3734 dicit,
466 3662 615 3723 fortunam
637 3664 788 3746 pristinam
811 3662 972 3722 felicissimi
1000 3665 1083 3745 regis
1111 3682 1174 3722 cum
1198 3664 1346 3744 praesenti

201 3768 318 3827 miserie
339 3787 522 3848 comparans.
556 3771 606 3828 'llt
629 3790 743 3842 omnes,
774 3769 889 3848 quibis
911 3768 1017 3828 similia
1039 3777 1177 3840 narrant,
1199 3769 1277 3828 omui
1299 3787 1346 3827 co·

169 3874 347 3965 Xgitatioue
374 3874 402 3933 in
433 3883 517 3934 tante
549 3876 641 3935 exitio
670 3883 884 3935 commorantes
911 3875 1046 3935 similiter
1067 3875 1236 3955 loquuntur.
1282 3875 1346 3932 llrit

200 3976 332 4039 fortasse
355 3979 401 4060 (et
423 3981 485 4060 ipse
508 3979 663 4060 aliquando
686 3981 716 4040 in
738 4001 800 4040 eam
825 3981 989 4060 opinionem
1012 3977 1182 4058 incideram)
1210 3979 1258 4058 qui
1280 3997 1343 4058 par·

200 4083 328 4161 ticipium
353 4089 488 4144 ridentem
513 4105 566 4164 pro
595 4087 754 4166 epexegesi
787 4086 909 4165 quadam
940 4083 1093 4147 verborum
1124 4084 1213 4156 „bie
1244 4083 1342 4143 exitas

199 4186 279 4247 illum
313 4198 396 4250 sorta
424 4190 518 4250 tulit'’
546 4191 689 4270 accipiat,
721 4199 755 4250 ut
781 4191 809 4250 id
840 4189 1045 4271 significetur,
1076 4189 1152 4269 qued
1183 4189 1211 4248 in
1243 4188 1342 4249 soluta

200 4294 335 4355 eratione
358 4297 484 4357 dixeris:
505 4297 601 4355 bunc
624 4294 734 4356 exitum
757 4297 873 4368 babuit,
896 4304 938 4354 ut
959 4296 1070 4357 videret
1093 4294 1240 4355 incensam
1263 4295 1341 4355 Tro·

198 4403 269 4476 iam,
296 4403 434 4484 prolapsa
456 4403 612 4484 Pergama.
662 4403 747 4465 Libet
778 4405 852 4462 banc
879 4421 939 4460 rem
960 4399 1102 4479 exemplis
1122 4421 1139 4460 e
1162 4401 1340 4460 Graecorum
