2960 4898
480 277 624 327 Lectiones
642 275 825 346 Vergiiipnrr.
1181 277 1222 341 63

84 433 113 501 1,
139 432 181 490 tu
207 439 269 502 „ut
292 431 476 511 quisquis
498 431 543 489 iris
565 429 721 490 virtutibus
747 430 804 490 erit
826 429 978 502 oruutus'’,
1009 431 1055 490 ubi
1078 449 1116 492 ex
1139 451 1222 511 pree·

79 535 276 595 utentior-ibus
299 535 380 594 libris
402 543 483 596 recte
505 535 672 594 restitutum
697 544 744 593 est
766 539 885 610 quisque.
931 535 969 593 ut
990 543 1113 615 opponet
1135 535 1224 595 feciie

78 637 148 696 fieri
171 640 314 718 potuisse,
337 647 372 698 ut
393 639 501 698 iibrurii
524 638 643 698 eundern
667 637 807 713 syllabam
828 657 880 716 per
895 656 1022 696 errorem
1040 637 1224 717 geminantes

81 763 138 822 pro
161 747 274 818 quisquc
296 751 455 802 exurerent
477 747 613 818 quinutu,-
635 740 720 820 idque
735 742 810 820 opud
829 742 952 800 Plinium
977 761 1092 822 quoque
1114 744 1223 804 facturn

82 847 250 926 putabimus
272 848 386 928 Poueg.
411 866 437 906 c.
460 850 501 905 55
525 854 592 917 „ut
615 845 779 924 quisquis
808 844 906 904 fuctus
938 853 984 905 est
1006 847 1169 927 princeps”,
1192 855 1223 906 et

84 952 182 1030 Epist.
213 957 249 1023 1,
277 954 319 1012 20
353 952 536 1023 „Praetores
572 968 664 1008 suue
697 950 882 1030 quisquis
917 951 1076 1010 inventioni
1109 951 1221 1012 fuvet”.

85 1057 147 1115 Sed
170 1055 219 1115 foc
241 1060 363 1132 quisquis
384 1074 484 1115 rerum
507 1073 573 1113 esse
602 1053 647 1112 iris
670 1053 758 1124 iocis,
790 1074 847 1112 nou
877 1061 973 1114 tenen
997 1056 1084 1114 uiiter
1106 1057 1162 1116 diei
1185 1059 1224 1116 in·

86 1161 222 1241 seiuges,
245 1181 331 1240 quern
352 1163 484 1236 quicquid
504 1179 593 1238 supro
609 1159 741 1229 vidimus,
763 1159 783 1218 i.
807 1179 833 1218 e.
857 1160 908 1230 itu,
931 1168 964 1219 ut
986 1161 1157 1220 subiicietur
1177 1163 1223 1224 vei

87 1264 223 1325 relativis
244 1265 291 1324 vei
314 1264 476 1344 pronomini
499 1262 678 1341 possessivo.
730 1262 801 1321 Num
830 1282 905 1342 quse
926 1271 1079 1343 praetereo
1101 1265 1244 1326 efferus?

89 1376 139 1428 tur
161 1390 180 1428 u
202 1369 327 1440 vossio,
353 1367 449 1426 omniu
471 1376 540 1426 suut
562 1387 579 1426 e
602 1366 727 1427 reiotivo
751 1386 878 1446 genere,
901 1368 983 1428 uvir.
1001 1369 1036 1427 Α.
1051 1369 1085 1427 Α.
1113 1375 1140 1441 i,
1164 1373 1225 1432 267

89 1474 307 1553 „Quisquis
329 1473 434 1552 ubique
457 1472 529 1542 riri,
560 1471 671 1530 dociles
701 1471 845 1531 advertite
868 1481 994 1544 mentes,
1022 1473 1227 1555 Pollicitisque

89 1578 214 1650 fovens,
245 1579 368 1660 vulgus,
399 1578 501 1637 adeste
524 1576 630 1646 oreis”,
661 1575 708 1634 uiri
731 1576 994 1657 interpungendum
1017 1597 1083 1637 esse
1106 1589 1229 1658 uppuret
1311 1604 1316 1612 ·

90 1685 220 1758 Quisquis
241 1683 349 1758 ubique,
371 1685 438 1751 oiri,
461 1683 575 1750 dociles,
599 1687 658 1738 turo
674 1680 702 1737 id
725 1680 817 1759 ipsurn
837 1682 965 1755 Quisquis
979 1684 1078 1757 ubique
1093 1691 1139 1742 est
1158 1685 1178 1742 i.
1199 1705 1227 1764 q.

92 1787 225 1868 quisquis
247 1787 352 1865 ubique
374 1786 484 1845 estis.
528 1783 639 1842 Lucuu.
664 1787 694 1854 8,
718 1786 781 1843 642
804 1785 876 1856 „seri
900 1786 1061 1865 quisquis
1091 1787 1120 1846 iu
1150 1788 1227 1847 istud

90 1890 115 1948 A
139 1890 254 1969 superis
277 1889 403 1948 immisse
432 1887 550 1967 cuput”,
579 1885 627 1946 uhi
649 1891 769 1962 quisquis
799 1907 851 1947 nec
874 1897 920 1947 est
942 1890 961 1947 i.
985 1910 1012 1969 q.
1036 1891 1146 1970 quivis,
1176 1911 1229 1952 uec

91 1995 217 2053 Vossius
248 1994 310 2073 ipse
338 1993 380 2051 sic
412 1992 535 2069 occipit,
577 1989 630 2049 sed
668 1990 879 2068 interpretetur
909 1993 1113 2072 „quisquis
1150 1996 1227 2054 es’'.

91 2100 184 2158 Falso
214 2098 287 2157 idern
318 2101 413 2172 quiqui
441 2096 505 2156 vuit
532 2115 598 2154 csse
625 2095 644 2152 i.
668 2115 695 2174 q.
727 2114 820 2153 omues
842 2095 941 2154 Piuut.
963 2097 1041 2155 Men.
1065 2099 1103 2169 5,
1128 2101 1164 2170 9,
1188 2100 1229 2159 97

90 2203 258 2284 „venibunt
280 2202 367 2271 servi,
391 2200 534 2279 supeiiex,
558 2198 651 2269 fundi,
673 2200 786 2272 uedeis3
815 2201 911 2260 omniu
933 2200 1086 2274 Venibuut,
1110 2203 1231 2283 quiqui

93 2309 234 2379 iicebuot,
257 2306 405 2386 praesenti
428 2305 580 2384 pecunio”,
610 2325 684 2384 quoe
714 2306 789 2364 moie
811 2305 995 2384 interpuncta
1016 2307 1119 2367 meiius
1142 2309 1228 2366 inter·

93 2431 260 2494 purgemus
282 2413 357 2471 huno
379 2411 407 2468 iu
431 2410 562 2469 modum:
586 2409 751 2480 „Vcnibunt
773 2431 797 2469 s.
812 2431 836 2469 s.
851 2408 874 2468 f.
897 2411 1005 2482 seticis,
1029 2413 1133 2472 omniu.
1178 2403 1231 2472 Ve-

95 2519 214 2589 nibriut,
238 2515 359 2595 quiqui
381 2514 538 2585 iicebuut”,
561 2514 580 2571 i.
606 2533 632 2572 e.
655 2513 701 2574 vei
725 2533 897 2594 quoquo,
928 2523 1232 2596 quantocumque

97 2621 249 2700 pretio,
272 2618 337 2688 rei,
367 2618 444 2697 quod
466 2615 621 2695 praefero,
656 2617 883 2695 omnesqui,
913 2617 961 2674 ubi
991 2636 1054 2676 curn
1077 2626 1233 2697 exspertes

95 2743 255 2801 quosquos,
285 2723 410 2781 Piuutus
440 2721 558 2800 scripsit
587 2724 694 2796 quiqui,
724 2720 857 2780 referens
880 2741 938 2780 non
958 2721 1052 2781 solum
1075 2724 1112 2781 ud
1134 2725 1232 2802 potius

96 2849 205 2912 genus,
227 2827 426 2897 masculinum,
449 2825 500 2885 sed
522 2825 608 2884 etium
634 2825 670 2883 ud
693 2843 741 2884 res
758 2827 890 2903 potiores
913 2824 1110 2905 curioresque,
1131 2847 1233 2888 servos

97 2933 274 3013 fundosque.
317 2931 411 2990 Poeu.
435 2933 470 3000 3,
493 2932 526 3000 2,
553 2933 588 2988 11
615 2928 860 3000 „uuvucnuh
891 2929 929 2989 Di
958 2937 989 2990 tc
1018 2930 1150 3010 perdunt.
1173 2933 1234 2991 iiii:

97 3041 160 3099 Vos
183 3036 297 3117 quidem
318 3035 416 3093 hercle
444 3033 621 3093 commendo.
675 3015 731 3097 Qu
738 3033 816 3111 iqui
848 3041 944 3092 turnen
967 3035 1006 3093 iit
1035 3034 1107 3093 bene
1136 3042 1167 3094 et
1188 3035 1234 3095 be·

97 3145 191 3226 nigre
212 3141 329 3212 fucitis,
362 3159 447 3220 quom
479 3131 550 3197 irero
581 3138 690 3197 omenti
713 3157 831 3216 opernm
853 3139 959 3196 ‹intis’'.
990 3203 993 3215 ¹
1017 3138 1096 3198 ilaec
1119 3159 1235 3220 quoque

98 3250 178 3309 meio
200 3245 435 3325 interpunctione
458 3243 613 3302 obscurato
636 3250 714 3313 sunt,
736 3243 812 3301 hunc
833 3243 861 3301 in
876 3243 988 3302 modum
1012 3243 1235 3325 distinguendos

100 3355 184 3428 „Vos
208 3351 320 3432 quidem
343 3349 451 3408 heroic.
497 3346 683 3418 Commendo,
709 3347 828 3426 quiqui”
850 3357 901 3406 etc.
925 3349 944 3406 i.
968 3368 994 3407 e.
1038 3349 1098 3408 Vos
1122 3351 1234 3429 quiden

98 3460 130 3519 rii
152 3456 285 3537 perdunt.
331 3453 439 3532 uniqui
461 3460 558 3511 tumen
580 3452 651 3510 hero
674 3469 739 3510 meo
763 3451 888 3531 benigne
911 3471 1028 3532 operum
1050 3453 1137 3525 dotis,
1160 3472 1236 3513 coor-

99 3562 216 3624 mendo.

187 3661 320 3741 Denique
343 3680 418 3740 quoe
440 3657 529 3718 effert
552 3656 673 3718 Vossius
695 3677 803 3733 quoquo
825 3661 916 3730 uodo,
939 3678 1046 3734 quoquo
1066 3671 1167 3734 pecto,
1202 3681 1237 3720 cu

100 3776 221 3832 constet
243 3766 298 3824 dici
320 3761 511 3834 ἒλλειπτικῶς.

188 3873 332 3940 Restant,
361 3887 435 3947 quoe
458 3866 524 3926 soie
545 3864 674 3943 opinioni
697 3865 793 3925 Vossii
815 3864 950 3924 videntur
971 3865 1132 3950 suffruguri
1150 3869 1238 3928 verino

101 3982 208 4040 Seuer.
235 3977 271 4035 de
294 3975 408 4052 Trunq.
440 3975 476 4029 11
503 3970 649 4047 „Sapiens
678 3991 736 4029 non
764 3969 905 4048 mancipio
935 3977 1048 4030 tuntum
1076 3974 1237 4052 possessio·

100 4101 213 4162 nosque
235 4087 266 4140 et
287 4077 478 4159 dignitatern,
508 4073 560 4134 sed
582 4093 688 4152 corpus
711 4093 827 4154 quoque
848 4093 930 4134 suum
952 4082 983 4134 et
1004 4076 1106 4136 ocuios
1129 4085 1160 4134 et
1181 4097 1239 4136 uru-

103 4205 169 4246 num
194 4191 225 4243 et
254 4179 424 4260 quidquid
454 4178 597 4238 curiorum
626 4177 716 4237 vitum
743 4175 890 4236 sucturum
920 4197 1010 4255 seque
1039 4178 1131 4256 ipsum
1162 4179 1240 4240 iuter

103 4288 238 4370 precario
258 4284 422 4344 numeratu
466 4282 506 4340 ut
528 4281 596 4361 quid
612 4282 755 4359 prohibet,
779 4282 931 4362 quominus
946 4283 1086 4355 quidquid,
1109 4281 1239 4342 utdebet
1366 4315 1369 4323 ι

103 4415 157 4472 pro
187 4391 313 4452 reiutiro
343 4387 503 4466 accipietur
532 4385 706 4464 verbumque
736 4396 777 4444 ese
806 4385 893 4443 etium
927 4382 1064 4442 consulto
1101 4385 1238 4445 omissum
