2940 4894
489 243 633 298 Lectiones
650 243 825 311 Vergilianus
1172 247 1236 310 103

267 399 341 461 898.
364 399 417 460 Ηίι
438 400 487 459 udi
507 410 563 458 tus·
584 410 680 458 notum
702 402 834 459 Anubim
858 417 968 476 uaoqu
988 401 1119 476 Silpltoot

362 507 539 580 Prosequitur
560 507 643 564 dictis
661 515 800 581 portaque
821 507 922 564 esuittit
943 471 1062 580 admo,

365 610 507 698 llleluioot
528 618 607 668 secut
626 612 667 668 od
686 615 766 668 uocis
787 616 847 669 etc.

88 713 149 769 Hic
169 712 376 795 hadewigius,
409 723 442 774 ut
464 715 590 775 coniecit
612 714 854 795 Peerlkampius3
888 714 962 774 idem
986 724 1033 775 est
1055 715 1084 774 in
1107 715 1236 776 editione

87 815 271 897 Hauptiuna.
315 819 443 890 Miraris,
467 820 543 900 quod
558 819 649 879 lectio
663 819 787 880 omniun
802 819 934 879 codicum
957 821 1017 892 His,
1030 837 1093 878 cuns
1110 838 1194 879 namo
1218 839 1235 880 c

88 939 214 982 numero
230 923 414 1003 superiorum
426 925 571 984 editurum
588 923 617 983 iu
633 944 670 985 ee
688 923 856 996 offenderit,
878 924 1015 982 damnata
1030 923 1071 982 sit
1088 942 1233 983 consensu

87 1027 370 1090 remotissimorum.
415 1030 512 1111 Atque
528 1036 562 1090 ut
578 1029 681 1102 dicam,
703 1031 781 1110 quud
798 1028 913 1089 sentio:
936 1029 961 1087 ei
975 1047 1076 1088 omnes
1100 1027 1165 1087 libri
1186 1030 1234 1087 lsa-

86 1132 197 1192 beraut
217 1135 281 1206 llic,
303 1153 362 1215 ego
385 1135 591 1195 contenderem
615 1133 776 1216 Vergilium
800 1133 955 1215 scripsisse
977 1134 1036 1193 llis.
1080 1133 1235 1214 Numquid

86 1238 149 1298 huc
172 1245 219 1297 est
237 1243 415 1316 prosequitur
437 1241 541 1300 dictis?
563 1239 667 1320 quibus
689 1250 742 1300 aut
755 1239 911 1320 qualibusl
935 1237 990 1298 nisi
1012 1238 1087 1297 enim
1110 1240 1241 1323 egregie

85 1341 198 1415 fallor,
221 1345 391 1426 ubicumque
413 1345 530 1407 verbum
549 1348 683 1420 prosequi
705 1364 752 1417 eo,
775 1361 833 1424 quo
852 1343 881 1404 h.
905 1343 942 1418 l.,
966 1363 1054 1404 seusu
1077 1343 1236 1424 punitura

86 1448 260 1510 melioribus
281 1448 331 1530 (ac
353 1447 486 1510 fortasse
508 1450 543 1510 ab
567 1448 708 1530 amnibus)
738 1449 946 1530 scriptoribus,
981 1448 1124 1508 adiectum
1147 1449 1235 1509 habet

86 1553 217 1634 aliquid,
241 1553 319 1633 qnod
342 1553 463 1626 indicet,
487 1554 575 1635 quale
597 1555 647 1628 sit,
670 1573 728 1635 quo
751 1554 955 1635 prosequimur
977 1554 1149 1633 quempiam.
1195 1554 1234 1613 Ut

85 1677 155 1718 cum
179 1659 285 1719 rotis
310 1660 513 1740 prosequimur
535 1679 661 1741 peregre
683 1659 847 1731 abeuntem,
869 1665 1001 1738 apparet,
1024 1658 1112 1739 quale
1133 1659 1173 1718 sit
1195 1659 1234 1732 id,

86 1781 149 1845 quo
173 1763 392 1844 prosequimurq
415 1771 487 1826 vote
509 1764 583 1823 euim
606 1771 675 1823 suut
697 1765 796 1824 buna
817 1763 913 1836 dicta3
935 1763 1055 1822 dictis
1077 1783 1147 1824 varo
1170 1782 1235 1823 cusu

86 1869 306 1951 prosequimur,
328 1888 393 1928 cnm
415 1871 492 1928 dicto
515 1887 574 1930 vox
597 1869 637 1928 sit
660 1869 771 1929 mediae
793 1867 1041 1950 significationis,
1071 1869 1230 1928 addendum

88 1981 139 2034 est
162 1972 289 2053 aliquid,
321 1992 379 2053 quo
402 1979 620 2054 cognoscatur,
650 1991 726 2053 quae
748 1973 794 2034 vel
817 1972 918 2053 qualia
940 1973 1009 2032 sint.
1059 1972 1139 2032 Tum
1167 1977 1232 2047 llic,

91 2079 173 2160 qnod
196 2088 244 2138 ast
265 2076 324 2138 loci
346 2077 521 2152 adverbium,
544 2078 618 2138 haud
641 2078 703 2138 scio
726 2097 764 2138 an
799 2077 839 2137 sit
869 2095 1136 2157 supervacaneum,
1169 2099 1232 2138 curn

87 2191 203 2244 certum
226 2183 284 2243 loci
306 2182 440 2242 indicium
463 2183 631 2242 adiicietur:
661 2193 747 2257 porto
772 2186 871 2242 emittit
891 2184 1015 2256 edurao3
1046 2203 1136 2262 quare
1166 2185 1235 2244 Ver·

88 2288 214 2371 gilium,
245 2290 269 2348 ei
299 2309 356 2347 nou
378 2288 546 2367 scripsisset
568 2290 633 2361 Hit,
668 2287 842 2368 scripturum
865 2287 959 2347 fuisse
982 2290 1068 2364 Atque
1090 2292 1233 2369 auspicor.

88 2395 156 2454 lloc
177 2400 274 2452 autem
296 2389 391 2473 ipsum
416 2393 465 2450 llis
488 2391 513 2451 si
536 2410 621 2472 quam
643 2391 731 2451 habet
753 2391 976 2466 difficultatem,
1008 2413 1043 2453 ea
1066 2396 1159 2454 omnis
1184 2417 1234 2475 po·

87 2498 150 2558 sita
172 2506 219 2556 est
240 2497 268 2557 in
292 2498 408 2577 poetica
431 2491 574 2556 orationis
603 2496 847 2557 conformatione.
892 2497 1069 2557 ilistoricum
1093 2501 1142 2578 qui
1164 2520 1233 2581 age·

87 2611 147 2673 ret,
170 2601 213 2660 itu
235 2621 294 2661 rem
318 2581 592 2680 comprehenderet:
616 2600 798 2679 „Postquam
821 2602 963 2688 Anchises
985 2601 1076 2661 lilium
1101 2624 1153 2681 per
1175 2623 1232 2662 om·

88 2710 139 2770 nia
163 2707 265 2780 duxit,
302 2706 491 2786 prosequitur
514 2723 578 2765 eum
601 2725 766 2766 memorans
789 2706 1012 2766 intereundum
1034 2706 1128 2778 bella,
1158 2727 1233 2788 quae

87 2813 194 2875 deinde
216 2813 243 2872 ai
266 2819 365 2872 essent
387 2811 529 2893 gerenda,
552 2820 696 2892 portaque
718 2813 846 2872 eburnea
868 2813 1005 2873 emittit.'’
1050 2813 1120 2871 Cum
1135 2821 1232 2872 autam

88 2919 230 2980 nihildum
253 2918 288 2976 da
312 2916 429 2998 gemino
462 2916 514 2976 illu
537 2918 619 2976 exitu
642 2918 848 2979 memoraverit
869 2923 975 2998 poeta,
1006 2938 1058 2978 nec
1079 2920 1231 2980 tacendum

88 3026 145 3085 sibi
168 3024 204 3084 de
227 3044 263 3082 eo
283 3022 442 3102 putaverit,
465 3023 626 3102 interponit
647 3042 693 3095 ea,
717 3041 792 3102 quaa
814 3024 946 3083 versibus
969 3023 1140 3086 aet-897
1163 3043 1232 3084 cou-

87 3132 231 3201 tinentur,
254 3126 335 3208 (nans
358 3128 516 3208 langueret
538 3146 573 3186 ea
596 3127 754 3205 descriptio
778 3134 847 3207 post
869 3147 913 3188 vs.
930 3127 994 3187 898
1016 3127 1063 3188 vel
1085 3129 1149 3189 899
1171 3129 1230 3188 col·

87 3233 205 3314 locata)
229 3242 288 3293 tum
311 3240 446 3311 coeptam
468 3232 556 3290 telam
580 3232 710 3312 pertexit
732 3252 775 3293 ιι.
799 3234 862 3292 898
884 3251 950 3312 sqq.

178 3339 249 3398 Aen.
273 3341 303 3409 7,
328 3338 401 3397 598.

219 3443 281 3502 595
306 3443 361 3516 ipsi
383 3437 511 3520 (Latini)
533 3441 584 3497 lsoe
605 3441 744 3515 sacrileqo
762 3442 890 3514 pendeus
910 3443 1048 3514 sanquine
1066 3457 1182 3513 poenos,

311 3547 335 3604 0
355 3529 460 3604 miseri.
505 3546 550 3614 l'e,
574 3546 675 3616 Tarae,
697 3549 788 3619 nefas,
811 3555 837 3604 te
859 3548 937 3604 triste
959 3546 1082 3604 monebit

313 3652 483 3725 Supplicium
506 3691 513 3706 .
537 3693 544 3709 .
567 3691 574 3705 .

312 3755 385 3815 Nam
408 3757 476 3813 miti
493 3763 581 3828 porto
603 3757 689 3828 quies,
710 3755 853 3828 ortoisque
874 3755 905 3810 is
928 3754 1024 3810 limiur
1042 3759 1157 3826 portsu3

312 3863 422 3918 Funere
441 3861 521 3933 salici
543 3861 657 3933 spolior.

90 3967 141 4028 Sic
163 3967 256 4026 ceteri
279 3965 427 4037 editores3
451 3973 556 4025 contra
579 3963 789 4044 Ladcwigiuss

220 4070 296 4130 Non
319 4070 387 4128 mihi
410 4076 496 4148 parta
519 4069 612 4149 quies,
636 4069 787 4148 omnisque
809 4067 838 4126 in
862 4066 959 4126 limina
980 4070 1084 4144 portus

220 4176 335 4236 Funere
356 4174 438 4235 felici
460 4175 583 4256 spolior.

90 4278 220 4340 Primum
242 4281 335 4362 igitur
359 4283 420 4340 Nost
442 4281 570 4340 coniecit
590 4279 751 4360 Vergilium
774 4276 944 4358 scripsisse,
973 4293 1094 4355 eamque
1116 4273 1228 4334 coniec-

92 4393 207 4461 turam,
231 4391 265 4447 nt
288 4405 401 4450 ιιιιιιιιι
422 4386 517 4470 ipsius
537 4391 658 4468 poetae,
681 4384 710 4446 io
733 4384 862 4448 ordinem
885 4379 1015 4458 invexit3
1045 4379 1068 4446 si
1094 4381 1163 4446 litut
1185 4399 1229 4448 ta·
