2940 4894
198 192 259 255 106
493 195 500 200 ’
620 193 740 260 Philippi
759 193 893 262 Wagneri

190 368 279 427 saepe
302 349 376 408 euim
400 367 452 429 per
479 366 542 406 eam
576 347 748 427 particulam
771 359 893 428 paratur
915 347 1058 410 transitus
1080 351 1117 408 ad
1139 349 1215 422 alia,
1254 352 1329 434 quud

191 472 249 512 non
273 463 319 513 cst
341 473 431 534 qnare
454 453 615 532 exemplis,
638 472 713 533 quac
735 462 803 512 sunt
824 455 965 532 plurima,
987 454 1200 515 confirmemus.
1245 455 1331 524 Quod

191 563 289 617 autem
311 559 381 618 dicit
402 565 491 638 poeta
513 560 573 634 puis
595 567 735 631 apparot,
769 578 827 616 non
850 567 896 618 est
918 578 987 620 vere
1010 558 1243 640 interrogantis,
1281 558 1331 618 scd

191 663 375 724 cohortantis
398 683 450 742 per
479 661 603 742 speciem
627 663 888 744 interrogationis3
919 683 1012 744 neque
1038 664 1113 728 enirn
1141 683 1257 744 sempor
1285 665 1332 724 im·

190 770 323 847 perativo
344 770 452 828 utimur
472 769 500 826 ia
524 768 688 837 hortando,
712 775 742 828 et
765 768 801 827 G.
826 771 855 839 2,
878 770 918 829 37
942 789 985 848 sq.
1009 773 1108 840 „tucos
1128 773 1238 828 lemaro
1260 773 1332 828 Buc-

191 875 242 932 clto
266 875 420 934 conserere
441 883 523 947 atque
545 874 606 928 oleo
628 890 758 946 mapsam
780 876 880 932 assare
904 871 1077 932 Taburnum”
1110 882 1216 935 ornatu
1240 873 1331 956 pueti-

192 996 244 1037 cac
269 976 410 1036 orationis
434 977 567 1035 detracto
593 975 721 1035 dixeris:
744 977 892 1037 conserite
914 976 1008 1038 eolles
1031 979 1136 1039 vitibus
1160 977 1303 1059 oleisque.

277 1082 349 1142 Aen.
374 1082 404 1154 9,
427 1083 500 1140 387.
546 1083 626 1138 assos
649 1123 656 1138 .
681 1122 689 1139 .
713 1121 720 1138 .
744 1123 752 1139 .
774 1085 831 1138 inm
854 1093 983 1140 erasmo!
1004 1084 1088 1140 bostis

544 1183 641 1263 Atque
663 1183 757 1255 locos,
781 1189 828 1260 pai
847 1197 910 1260 post
931 1187 1017 1245 Albae
1039 1190 1074 1245 de
1095 1188 1208 1244 aomina
1233 1187 1302 1244 dicti

542 1290 652 1347 Albani.

192 1394 233 1451 Ae
255 1395 330 1450 lucos
353 1391 443 1451 edidit
465 1393 671 1474 Ladewigius,
698 1411 752 1451 sna
783 1391 951 1451 coniectura
988 1411 1087 1453 verum
1111 1412 1144 1452 aa
1166 1398 1331 1453 assecutum
1415 1428 1418 1444 .

192 1506 290 1571 ratus3
313 1499 387 1557 idem
409 1498 437 1557 in
461 1517 514 1558 sua
536 1499 663 1558 editione
678 1499 795 1559 exbibet
818 1499 973 1578 Hauptius,
995 1500 1058 1558 sine
1076 1499 1162 1558 dubio
1179 1499 1265 1581 gravi
1282 1475 1332 1558 ali·

193 1624 250 1686 qua
271 1623 361 1663 causa
381 1612 487 1664 motus.
532 1605 574 1663 Ae
603 1604 739 1684 profecto
770 1604 900 1664 lucorum
924 1604 1100 1665 Albanorum
1122 1606 1231 1665 mentio
1252 1603 1333 1664 faeta

193 1717 240 1770 est
263 1730 281 1769 a
303 1709 446 1770 Cicerone
471 1727 524 1788 pra
547 1708 609 1769 ltlil.
634 1713 671 1768 31
706 1709 803 1781 ,‚Vos‚
838 1708 966 1768 Albani
996 1709 1098 1769 tumuli
1125 1718 1215 1790 atque
1252 1709 1333 1782 luci,

191 1814 316 1894 imploro
340 1821 428 1894 atque
451 1814 576 1874 testor.'’
621 1815 776 1881 Quaeres
799 1814 841 1874 ita
863 1823 1033 1893 comparata
1056 1823 1118 1886 est,
1149 1823 1196 1886 ut,
1226 1815 1252 1875 si
1276 1836 1332 1875 nou

192 1920 291 2000 aliqua
312 1919 428 1980 ratione
451 1918 608 1979 lectionem
631 1921 806 1999 optimorum
829 1921 959 1980 codicum
981 1920 1058 1979 tueri
1081 1920 1207 1992 licuerit,
1230 1939 1332 1981 conee-

192 2027 314 2085 dendnm
336 2026 471 2088 videatur
488 2025 517 2083 in
541 2027 714 2086 sententiam
726 2027 781 2089 viri
799 2026 986 2086 eruditissimi
1002 2025 1230 2107 acutissimique.
1276 2028 1333 2087 Sed

191 2131 335 2190 interdum
370 2150 406 2189 ne
438 2130 560 2217 maxime
589 2131 702 2210 quidem
735 2131 928 2210 probabilibus
951 2132 987 2190 nd
1009 2131 1134 2210 speeiem
1158 2131 1333 2192 coniecturis

192 2236 274 2294 nimis
296 2234 442 2294 fidendum
463 2255 529 2294 esse
552 2234 683 2294 declarat
705 2233 752 2293 bie
774 2235 836 2314 ipse
860 2235 959 2307 locus3
983 2253 1047 2294 nam
1064 2242 1116 2294 aut
1133 2236 1258 2318 egregie
1280 2236 1333 2297 fal·

191 2340 249 2411 lor,
272 2346 324 2399 aut
346 2340 429 2401 salva
452 2346 499 2400 est
520 2339 658 2398 librorum
682 2346 814 2400 veterum
832 2341 1007 2400 auctoritas.
1051 2339 1178 2400 Primum
1202 2342 1332 2402 conside·

191 2463 288 2504 remus
310 2444 396 2503 situm
419 2442 561 2505 locorum.
606 2445 764 2522 Euryalum
787 2445 896 2524 pracda
918 2452 1053 2504 onustum
1078 2455 1197 2506 nonest
1212 2467 1332 2508 eonsen-

191 2559 319 2620 tanenm,
343 2569 407 2608 eum
425 2559 590 2628 caperetur,
613 2551 704 2630 longe
718 2550 823 2609 abisse.
861 2549 936 2608 Dum
951 2550 976 2608 is
992 2550 1117 2624 ducitur,
1141 2553 1217 2613 redit
1234 2554 1331 2614 Nisus.

191 2657 251 2715 Fac
273 2655 373 2714 horam
401 2656 480 2714 inter
513 2675 548 2715 ea
575 2655 758 2716 interfuisse:
790 2675 855 2714 num
878 2655 966 2714 Nisus
997 2657 1142 2716 videbitur
1170 2679 1205 2718 eo
1236 2661 1333 2740 spatio

191 2762 228 2820 ad
251 2761 333 2818 lucos
359 2759 488 2818 Albanos
511 2761 662 2840 pervenire
686 2770 715 2820 ct
739 2761 804 2820 inde
826 2761 863 2819 ad
886 2760 1044 2836 Euryalum
1065 2761 1161 2822 redire
1183 2765 1333 2844 potuisset

191 2866 384 2946 erlongus,
407 2866 492 2924 immo
516 2865 600 2924 nimis
614 2867 743 2947 ‘longum
768 2867 796 2924 id
818 2874 932 2944 tempus
956 2866 1019 2924 iure
1040 2867 1166 2939 dixeris,
1196 2869 1221 2928 si
1252 2873 1332 2952 cogi·

190 2972 300 3033 teucris
322 2971 413 3029 borae
443 2970 575 3029 dimidiae
606 2971 702 3050 spatio
732 2971 833 3030 Nisum
855 2990 891 3029 ne
914 2970 1004 3030 semel
1032 2971 1144 3051 quidem
1168 2976 1335 3053 respexisse

192 3077 373 3155 animumque
396 3075 432 3134 ad
455 3075 589 3134 relictum
612 3084 680 3155 post
710 3095 741 3134 se
764 3075 921 3151 Euryalum
945 3073 1108 3135 reflexisse.
1158 3078 1217 3137 Sed
1240 3088 1333 3161 negat

191 3181 321 3257 lleynius
355 3180 589 3261 longinquitates
634 3181 766 3263 locorum
801 3181 983 3261 geometrica
1012 3180 1175 3241 subtilitate
1203 3184 1287 3266 exigi
1315 3204 1332 3245 a

99 3297 102 3306 ⁴
192 3287 298 3366 poetis.
345 3287 499 3346 Crederem
522 3286 664 3360 fortasse,
685 3288 711 3347 si
734 3307 769 3348 ea
792 3288 888 3347 omnia
911 3296 997 3348 extra
1021 3289 1132 3348 ltaliam
1156 3300 1332 3371 agereutnr3

191 3413 267 3454 nunc
298 3402 429 3476 aguntur
453 3393 482 3452 in
514 3393 619 3454 vicinia
649 3395 740 3473 ipsius
771 3394 849 3453 urbis
882 3395 1002 3454 Romae.
1048 3395 1121 3461 Quis
1153 3395 1246 3477 igitur
1278 3399 1332 3457 sibi

190 3500 368 3581 persuadeat
395 3500 649 3580 diligentissimum
679 3508 795 3580 poetam
825 3499 997 3580 scripsisse,
1031 3520 1105 3580 quac
1128 3501 1222 3580 quivis
1244 3503 1331 3562 bomo

193 3607 341 3665 Romanus
364 3606 544 3685 redarguere
567 3607 692 3684 possett
736 3607 818 3688 Ergo
840 3625 893 3666 nea
922 3607 1073 3686 usquead
1097 3605 1180 3666 lucos
1201 3605 1330 3667 Albanos

191 3720 222 3770 et
244 3709 335 3769 multo
358 3709 451 3769 minus
473 3709 508 3768 ad
533 3710 628 3769 lacum
642 3709 781 3769 Albanum
805 3709 889 3790 (sunt
911 3711 996 3781 enin,
1020 3712 1068 3791 qui
1086 3713 1173 3788 Atque
1191 3691 1269 3770 loeus
1292 3711 1329 3773 le·

193 3813 281 3898 gant)
313 3815 494 3894 processisse
519 3814 620 3873 Nisum
651 3815 889 3874 existimabimus.
942 3817 1069 3876 Restant
1091 3815 1166 3875 loci
1188 3815 1330 3877 Albani.

191 3921 249 3987 itui
272 3940 329 4003 quo
353 3920 477 3979 maxime
508 3919 574 3978 loco
597 3918 723 3991 fuerint,
753 3939 816 3978 eum
850 3941 933 3980 nemo
957 3929 1085 3982 veterum
1109 3923 1137 3981 id
1161 3922 1330 4002 prodiderit,

190 4049 243 4107 pro
276 4035 358 4089 certo
392 4025 514 4085 iudicari
549 4043 624 4084 nune
647 4045 704 4084 non
727 4033 844 4104 potest:
876 4034 908 4086 at
930 4029 1013 4088 novit
1034 4027 1184 4108 Vergilius
1208 4047 1269 4088 nou
1289 4028 1330 4088 ita

191 4135 283 4215 longe
310 4133 422 4193 afuisse
453 4151 472 4192 a
500 4131 606 4190 eastris
633 4130 786 4190 Troianis.
831 4132 890 4190 Sed
913 4132 1001 4202 illud,
1035 4134 1060 4192 si
1083 4151 1141 4190 non
1164 4133 1255 4204 scite,
1290 4140 1330 4192 ta·

191 4259 254 4298 men
278 4239 467 4318 probabiliter
488 4237 632 4296 coniicere
655 4237 832 4317 poterimus,
864 4254 939 4315 quae
970 4236 1048 4295 ratio
1077 4243 1108 4295 et
1129 4254 1219 4295 eausa
1241 4237 1331 4298 fuerit

190 4345 275 4405 buius
298 4343 515 4426 appellationis.
559 4341 654 4402 buci
675 4340 819 4402 vocabulo
842 4339 1028 4423 significatur
1050 4339 1171 4402 viculus.
1220 4343 1329 4404 Salma-
