2940 4894
518 211 663 264 tectione·
680 212 860 278 Vergilium.
1202 209 1242 276 81

183 366 257 426 Aen.
280 370 310 440 1,
323 367 398 426 552.
442 376 472 424 ct
492 373 613 426 noctrac
635 383 732 425 aecana
754 369 834 438 [ενοι
852 370 948 424 onim
968 369 1075 426 nortia

89 487 191 528 mnan
212 481 326 555 acorna
338 469 528 549 Ladewigina
549 488 586 528 en
609 469 721 540 ordine,
742 469 791 549 qni
813 477 861 528 est
881 469 912 527 in
934 487 992 527 nno
1009 469 1141 528 lledicco
1164 467 1241 546 opud

90 574 294 654 Foggininn,
327 593 390 633 narn
418 573 487 632 ailet
509 573 657 634 llciocins.
700 573 838 652 Equidem
862 573 1015 652 vulgatura
1037 573 1165 632 ordinem
1188 590 1243 630 ao·

88 688 175 736 atroa
197 697 287 737 sacrm
310 679 490 738 retinendum
511 679 629 758 potavi,
652 678 772 738 retinnit
794 677 880 737 atino
905 677 1062 756 llauptiuc,
1083 674 1242 756 flagitante

88 783 262 856 cententia3
292 802 356 842 nam
390 801 561 863 quanquam
594 783 665 841 illud
692 782 1004 843 secam'neccaaariurn
1034 790 1081 841 eat
1109 781 1146 840 ad
1167 799 1239 844 ran.

88 888 167 968 qnia
187 891 380 960 taratonlano
403 888 470 966 quid
494 887 533 946 ait
555 907 613 946 non
636 887 735 946 addito
757 907 860 957 aecum,
885 885 1037 946 abacorum
1062 894 1118 956 art,
1142 892 1239 944 tantan

89 991 180 1050 nulla
202 992 298 1051 estin
321 991 528 1062 caracovia,
551 998 583 1050 at
605 999 652 1050 cat
674 991 703 1050 in
725 1000 848 1061 nocane,
871 1009 928 1050 non
951 990 1029 1068 quod
1047 989 1139 1068 ipsina
1160 1007 1240 1050 mort

89 1095 299 1175 distinguatur
322 1094 358 1154 alr
381 1094 504 1154 alterins
527 1095 723 1154 nesciocuius
746 1101 850 1165 morte,
873 1094 924 1154 aad
947 1095 1015 1173 qnia
1036 1105 1151 1154 nostroe
1171 1113 1238 1153 con·

89 1198 226 1258 iunctura
254 1205 302 1256 est
324 1216 386 1257 cnm
410 1198 553 1258 vocabulo
577 1199 606 1260 vi
629 1199 752 1278 quadam
774 1199 926 1278 praedito,
948 1203 1046 1258 nortis
1067 1200 1151 1270 dico,
1180 1218 1238 1278 qno

88 1312 212 1360 nostroe
228 1303 257 1360 in
269 1303 411 1382 principio
428 1303 572 1362 enuntiati
586 1303 761 1362 collocatum
780 1304 974 1362 attentionem
989 1303 1117 1384 legentis
1139 1305 1239 1370 atatim

88 1407 255 1466 convertit.
298 1407 385 1466 Aliud
408 1417 473 1478 cst,
496 1409 573 1487 qnod
595 1409 708 1488 legitur
729 1411 767 1480 1,
792 1410 855 1470 598
878 1410 993 1481 „Quen
1015 1429 1106 1468 ccccm
1125 1414 1240 1484 patrica

87 1512 180 1572 aiunt
203 1521 322 1590 portare
344 1511 496 1583 Pccotia,”
519 1512 566 1572 ubi
588 1513 761 1573 adiectivurr
780 1517 891 1588 patrios
913 1513 1106 1574 necessarium
1125 1515 1238 1594 qnidam

89 1625 163 1688 cat,
200 1617 250 1677 aed
273 1617 354 1676 nollo
383 1617 523 1696 peculiari
554 1617 582 1678 vi
611 1618 788 1696 praeditum3
825 1626 857 1679 at
878 1638 969 1678 secam
992 1619 1116 1698 priorem
1138 1620 1237 1680 actem

88 1729 254 1800 propteroa
276 1722 330 1780 silai
352 1722 491 1794 vindicat,
514 1722 591 1801 quod
606 1723 721 1782 Aeneas
743 1743 841 1782 aecum
865 1724 999 1784 habuisse
1021 1725 1136 1797 dicitnr,
1159 1725 1236 1805 qood

88 1846 158 1886 enm
182 1826 229 1886 vol
254 1826 378 1886 maxime
399 1827 556 1887 admonere
578 1817 656 1886 fidat
669 1827 832 1888 aorvandnc
854 1827 982 1888 deberet.

180 1931 253 1990 Aca.
277 1933 307 2003 5,
332 1935 404 1990 281.
454 1933 520 1990 l'aln
540 1935 613 2002 facit
634 1941 725 1990 nmen
748 1941 775 1990 ct
796 1931 870 1992 velia
893 1932 967 1990 colit
986 1935 1058 1991 ostio
1080 1931 1184 2011 plenis.

85 2037 184 2110 plenis
202 2037 277 2094 nolit
296 2041 368 2095 notia
400 2039 467 2095 celia
498 2036 688 2116 Ladowigiuo
720 2043 752 2094 ot
782 2036 927 2115 Hauptina
957 2037 1144 2111 cllledicco;
1179 2057 1235 2098 nru-

90 2140 151 2200 tati
181 2141 292 2200 ordinis
321 2140 475 2204 verborum
496 2141 525 2200 in
547 2141 679 2200 Medicco
703 2159 793 2204 cansa
814 2141 929 2202 videtur
953 2140 1048 2202 fnisse
1069 2142 1235 2202 recordatio

91 2249 124 2317 l,
149 2248 213 2306 400
237 2249 338 2320 ‚pleno
358 2246 523 2306 mittentia
544 2241 638 2318 oclc,·'’
671 2252 702 2306 ot
730 2247 779 2325 qni
807 2245 862 2305 los
885 2264 987 2306 venna
1008 2246 1139 2307 interae
1160 2266 1235 2306 conr·

89 2353 252 2432 paraverit,
275 2353 418 2413 diversam
441 2353 477 2412 iia
500 2352 652 2414 verborum
666 2352 892 2414 collocationem
909 2362 1006 2432 aptan
1030 2373 1096 2414 eoae
1117 2353 1235 2424 sentiat,

90 2457 295 2540 epanalepsim
317 2477 336 2516 a
358 2461 389 2529 5,
412 2459 473 2519 281
497 2457 632 2519 alienam.

181 2563 255 2624 Aen.
279 2566 310 2634 5,
332 2565 408 2622 581.
562 2573 567 2582 ’
635 2571 717 2636 nepae
738 2563 854 2636 npmiac
875 2562 950 2620 mai

381 2663 514 2724 Diduotis
536 2666 646 2724 coicere
668 2667 771 2724 cteris.
1017 2647 1021 2654 ’

91 2773 219 2830 dedoctis
247 2788 312 2828 cnm
334 2769 465 2828 Mediceo
499 2769 623 2848 aliisquo
658 2769 781 2830 Jahnina
808 2773 840 2828 et
871 2764 1085 2846 hadewigina3
1113 2767 1233 2826 diducas

91 2874 239 2953 Hauptiuc
263 2892 328 2933 cum
349 2873 547 2952 superioribus
570 2872 740 2944 editoribus,
763 2891 846 2952 quam
870 2869 1025 2928 lectionem
1047 2889 1144 2930 veram
1165 2890 1231 2931 cano

91 2979 211 3040 verbnm
232 2979 338 3036 solvere
360 2995 452 3057 prope
475 2977 601 3037 clamare
627 2976 760 3050 videtor3
789 2996 855 3036 narn
885 2980 978 3034 toturn
1008 2974 1084 3053 qnod
1107 2975 1232 3036 solvitur

91 3085 121 3144 io
144 3092 257 3164 partes,
280 3081 434 3142 diducitur.

180 3189 253 3248 Aen.
277 3187 296 3246 6
332 3189 405 3246 553.

226 3229 307 3352 555,
345 3294 429 3350 Porto
451 3291 580 3361 adverae,
603 3292 711 3364 lupeno,
743 3287 884 3360 solidopac
905 3287 1056 3344 adamante
1075 3289 1229 3362 columnae,

343 3398 389 3456 Vis
410 3406 441 3454 ot
460 3396 537 3452 nollo
558 3397 658 3463 ciram,
680 3410 737 3449 aon
758 3394 813 3464 ipsi
834 3391 999 3450 concinnere
1020 3389 1101 3452 forro

343 3502 499 3560 Caelicolae
519 3500 649 3570 calcone3
672 3506 727 3554 atat
743 3499 843 3570 scrrco
865 3499 952 3554 torris
976 3499 1015 3554 od
1035 3516 1121 3555 ocrea
1143 3506 1199 3558 etc.

91 3609 260 3668 concludere
278 3607 369 3678 ferro,
392 3605 435 3662 aio
457 3621 515 3684 ego
532 3620 595 3660 cunr
618 3597 815 3679 superioribus
838 3598 1006 3672 editoribus,
1030 3600 1130 3680 quibua
1154 3621 1229 3662 nunc

91 3711 206 3772 accedit
225 3707 388 3768 auctoritas
409 3706 539 3785 llanptii.
582 3703 773 3784 Ladewigiua
795 3722 833 3762 cx
850 3702 934 3762 Rom.
957 3711 987 3762 et
1009 3701 1046 3762 fr.
1071 3703 1162 3764 Vatic.
1185 3726 1227 3766 rc·

92 3814 210 3877 vocavit
232 3815 397 3872 exscindere
419 3812 505 3884 lello,
527 3810 546 3870 i.
570 3829 604 3877 c„
620 3809 724 3882 armis,
761 3808 847 3887 idque
876 3808 939 3887 ipsc
967 3827 1042 3868 nono
1068 3811 1230 3888 amplector

92 3927 233 3980 nontam
255 3923 352 3975 noctua
377 3935 466 3975 causa
488 3934 506 3973 a
529 3913 702 3994 Ladewigio
725 3913 834 3983 allato,
861 3931 951 3991 -quam
984 3913 1062 3992 quod
1094 3915 1226 3993 proximo

92 4044 181 4086 vorsu
208 4024 286 4084 redit
311 4026 418 4097 ferreo.
485 4021 581 4101 Atque
602 4020 659 4079 etsi
691 4019 754 4097 ipse
786 4017 943 4096 aliquotica
971 4018 1000 4076 in
1023 4017 1105 4077 Varr.
1127 4019 1225 4082 Lectt.

93 4150 151 4190 non
174 4128 341 4188 mutandum
363 4125 462 4186 conani
485 4122 655 4184 vocabulum
684 4121 759 4181 idem
780 4121 861 4181 brevi
882 4119 1038 4182 intervallo
1059 4123 1224 4201 repetitum,

93 4244 190 4296 tanen
213 4234 283 4294 talis
304 4229 486 4312 repetitionis
509 4229 682 4308 exemplum,
704 4227 792 4309 qualo
813 4228 869 4288 lroc
891 4233 954 4296 est,
974 4228 1057 4299 strro
1079 4272 1086 4287 .
1109 4271 1116 4284 .
1140 4271 1147 4286 .
1167 4233 1226 4303 ser·
1320 4234 1323 4239 ’

94 4360 164 4414 ren,
196 4341 278 4422 (nam
299 4357 339 4400 ex
359 4337 418 4397 alio
440 4353 550 4417 genere
573 4342 657 4407 sunt,
691 4353 766 4414 quaa
789 4333 928 4414 leguntur
948 4328 1033 4404 alibi,
1054 4340 1089 4394 nt
1110 4336 1141 4407 7,
1163 4337 1225 4398 553
1278 4347 1280 4354 ‘

950 4439 970 4498 t
