2960 4898
505 257 651 310 Lectiones
667 251 853 324 Vergilianas.
1212 252 1254 316 35

195 411 267 472 Aen.
275 414 307 484 l,
314 411 376 472 286
386 430 431 491 sq.
454 409 542 485 Atpsm
551 413 676 467 ιιιίιιιιιιι
684 428 761 468 sanc
774 411 828 468 luc
842 409 970 478 ιιὶοιιιι,
979 423 1056 466 susc
1068 407 1172 466 diuidit
1178 410 1253 482 tttuc,

453 517 489 577 lo
508 519 653 590 postisque
672 519 752 590 rupit
770 516 868 574 corios
886 531 992 588 pmpos
1013 516 1109 572 emoto
1130 522 1232 572 mant.

454 621 708 678 llascottsreosstt
728 621 824 695 potior
845 622 982 678 smtsatso
1009 621 1069 677 cisa
1091 627 1140 676 sst.

194 724 341 805 llauptius
364 744 428 786 cum
451 725 601 784 Brunolnio
624 744 729 788 remus
746 729 807 786 286
825 735 857 784 et
875 728 937 786 286
961 725 1083 785 seclusit
1105 743 1123 782 e
1145 720 1253 782 ceteris

120 837 256 910 tamqnam
280 831 472 904 adventicios,
496 830 688 912 liudewigios
711 830 805 890 solum
821 848 937 891 versum
951 831 1026 900 286,
1046 847 1130 908 quem
1143 825 1253 907 fragm.

119 935 175 996 Vst.
198 943 229 996 et
251 935 390 998 Palatino
413 937 517 997 deesse
538 934 633 996 refert
656 935 831 997 llilsbcckius
855 954 925 1015 pag.
945 935 996 994 38.
1042 933 1074 992 Si
1093 932 1157 1012 qais
1172 932 1200 989 in
1217 949 1253 990 co

117 1061 223 1122 qnoque
247 1042 366 1123 aliquod
390 1041 556 1124 argumenti
573 1042 686 1122 pondus
703 1061 771 1102 esse
787 1039 945 1121 putaverit,
968 1038 1046 1120 qnod
1064 1039 1166 1097 horum
1189 1056 1252 1098 vcr-

116 1165 189 1206 suum
212 1146 290 1226 apud
313 1148 445 1207 Servium
475 1145 556 1206 nulla
587 1153 689 1206 exstat
717 1143 938 1224 interpretatio,
972 1149 1074 1203 exstat
1101 1148 1198 1202 autam
1220 1146 1252 1213 8,

115 1253 150 1310 26
162 1270 218 1330 sq,
241 1251 290 1310 abi
312 1251 396 1310 iidem
420 1271 438 1310 a
460 1259 551 1330 poeta
572 1258 756 1330 repetuntur,
780 1249 891 1308 Donati
913 1254 1014 1328 potest
1029 1247 1137 1326 opponi
1151 1253 1252 1306 aucto·

113 1355 197 1426 ritas,
220 1374 305 1434 quem
329 1374 381 1414 eos
404 1354 516 1435 legisse
538 1353 649 1434 liquido
680 1361 820 1434 apparet,
851 1361 885 1411 ut
914 1359 1026 1412 teocam
1055 1351 1149 1431 (quod
1177 1353 1252 1431 apud

116 1479 151 1519 ne
172 1479 233 1520 non
257 1461 299 1518 ita
321 1459 441 1519 multum
464 1457 559 1537 valet)
583 1459 720 1518 seillam
744 1459 858 1538 quidem
881 1477 1016 1520 versuum
1040 1461 1070 1528 8,
1087 1460 1128 1517 26
1141 1477 1187 1538 sq.
1211 1457 1253 1516 in·

118 1565 349 1644 terpretetioncm
372 1585 390 1624 ιι
412 1564 623 1627 vetustioribus
646 1564 740 1624 Servii
763 1563 938 1624 editionibus
962 1562 1102 1621 exhiberi.
1145 1562 1251 1622 Libros

117 1669 231 1752 Vergilii
263 1691 332 1730 mss.
362 1671 387 1729 si
418 1678 601 1749 spectemus,
635 1670 765 1730 Palatini
794 1668 868 1728 fides
897 1687 960 1727 cum
985 1667 1117 1728 lllediceo
1140 1666 1252 1728 collata

113 1777 216 1857 exigua
247 1783 308 1846 est,
339 1776 419 1835 nnlle
449 1777 495 1835 liic
529 1775 691 1856 fragmenti
719 1774 869 1847 Vaticani,
903 1781 937 1834 ut
967 1773 1084 1834 ostendi
1115 1772 1143 1831 in
1167 1772 1252 1833 Varr.

111 1879 220 1954 lectt.;
257 1887 352 1940 restet
384 1880 550 1953 Gudianus,
578 1882 607 1940 in
636 1900 694 1960 quo
722 1900 767 1941 vs.
792 1879 854 1940 286
878 1899 896 1939 ιι
918 1899 978 1940 sec.
1002 1900 1039 1938 m.
1062 1879 1171 1938 edlitus
1194 1885 1251 1950 est,

113 2003 176 2044 casu
198 1985 294 2066 igitur
316 1984 441 2044 omissus
463 1985 555 2046 videri
578 1992 688 2064 potest.
734 1983 818 2050 Quae
841 2003 905 2043 cum
928 1983 971 2043 ita
992 1984 1070 2055 sint,
1093 2003 1150 2042 non
1175 1984 1252 2042 setis

113 2110 214 2151 causae
237 2092 338 2164 video,
363 2110 453 2171 quare
476 2091 530 2151 los
554 2111 657 2152 versus
680 2111 738 2152 non
761 2111 779 2150 ιι
802 2090 935 2172 Vergilio
960 2090 1088 2149 insertos
1111 2097 1249 2149 statuam.

113 2196 146 2255 dt
166 2195 301 2256 fortasse
322 2197 400 2255 inest
421 2195 450 2255 in
473 2196 537 2276 ipsa
559 2197 706 2256 sententia
729 2195 856 2276 aliquid,
889 2195 966 2274 quod
990 2193 1103 2254 alienos
1127 2214 1193 2254 esse
1216 2195 1251 2253 ab

110 2299 160 2359 loc
181 2300 249 2361 loco
273 2307 393 2381 arguat.
438 2301 498 2360 Neo
522 2300 657 2372 mirabor,
680 2301 706 2359 si
729 2301 793 2381 quis
817 2300 972 2381 negaverit
995 2299 1152 2359 convenire
1174 2299 1252 2358 inter

114 2425 142 2465 se
162 2426 206 2468 vs.
231 2406 295 2466 286
318 2411 349 2464 et
371 2407 451 2478 2873
475 2422 538 2464 cun
562 2405 639 2464 enim
660 2405 704 2463 his
726 2404 822 2466 verbis
845 2408 877 2462 ιἰι
896 2408 1041 2480 portisque
1055 2408 1134 2478 rcps't
1153 2410 1250 2465 corios

109 2529 209 2587 perpes
230 2513 327 2569 cessio
348 2520 443 2568 meat
461 2529 569 2590 magna
591 2510 780 2569 consiliorum
802 2511 933 2571 varietas
961 2510 1083 2569 indicari
1105 2509 1249 2582 videatur,

112 2615 225 2676 obstare
247 2614 300 2674 illa
321 2617 392 2674 lucc
413 2619 567 2674 alternanti
586 2619 683 2690 potios·
704 2619 841 2674 coelestio
863 2619 931 2688 niso,
954 2635 1028 2696 quae
1046 2635 1109 2677 noo
1126 2636 1164 2675 ex
1180 2615 1249 2675 mnl·

110 2721 143 2778 tis
166 2721 304 2802 aliquod,
336 2720 388 2780 sed
411 2739 449 2780 ex
472 2721 584 2781 duobus
606 2729 722 2780 tantum
743 2720 874 2780 consiliis
896 2739 984 2779 unum
1014 2720 1131 2780 Aeneae
1154 2719 1248 2782 fuisse

112 2824 274 2906 eligendum
295 2824 431 2885 doceant.
476 2825 519 2885 Ac
540 2825 678 2906 profecto
701 2846 759 2885 non
783 2826 937 2905 multiplex
960 2845 1026 2884 esse
1051 2824 1167 2897 debuit,
1196 2826 1249 2885 scd

110 2929 226 3010 duple13
251 2930 279 2990 id
300 2931 375 2990 enim
399 2931 514 3011 egitur,
537 2938 633 2990 utrum
657 2931 793 2991 iterium
816 2931 965 2990 decretum
989 2929 1063 2989 clam
1087 2939 1187 3010 paret,
1210 2950 1249 2990 en

108 3035 212 3112 palem,
246 3042 348 3114 aperte
371 3053 431 3094 rem
454 3035 586 3095 enuntiet
609 3034 734 3108 Didoni,
760 3055 797 3096 an
820 3055 873 3116 per
894 3033 1033 3115 ambages
1056 3055 1119 3094 cam
1141 3055 1250 3116 aggre-

108 3138 220 3198 diatur-i
266 3139 324 3198 Sed
346 3147 479 3219 paratum
502 3147 568 3211 est,
596 3140 673 3219 quod
696 3141 732 3200 ed
755 3142 828 3201 hoec
850 3141 1089 3222 respondeamus.
1135 3143 1250 3203 Utrum·

109 3262 227 3325 cumque
250 3244 325 3304 enim
347 3242 483 3303 facturus
507 3252 572 3304 eret
587 3244 714 3317 Aeneas,
736 3245 925 3306 multecrant
939 3247 1034 3306 animo
1049 3248 1250 3328 expendendo,

110 3355 256 3428 quaeant
279 3347 417 3427 impedire
438 3369 498 3409 rem
521 3359 574 3409 eut
596 3351 735 3411 adiuvare
758 3359 894 3430 possent,
923 3371 976 3411 nec
1000 3352 1074 3412 satis
1096 3361 1161 3413 eret
1183 3374 1250 3413 con·

108 3454 200 3513 silium
219 3453 348 3532 cepisse,
371 3453 423 3512 sed
446 3454 619 3514 invenienda
641 3464 708 3515 crat
736 3475 774 3514 ex
803 3455 893 3516 variis
916 3454 1065 3516 efficiendi
1086 3458 1250 3518 rationibus

108 3576 153 3630 ea,
176 3577 253 3639 quae
275 3558 311 3618 ad
334 3558 514 3638 peragenda,
537 3577 612 3639 qnae
634 3559 740 3632 vellet,
764 3567 844 3621 esset
866 3561 1026 3639 aptissima.
1072 3563 1174 3644 ltaque
1197 3583 1250 3625 nec

106 3662 215 3723 dubium
245 3661 323 3732 erit,
352 3661 436 3721 cuius
465 3664 584 3744 generis
614 3665 674 3724 sint
702 3663 772 3724 illee
806 3665 937 3727 variae
964 3673 1099 3746 partes
1131 3676 1162 3728 et
1191 3670 1250 3730 ista

106 3771 243 3841 omnia,
266 3787 320 3849 per
341 3786 416 3848 quae
437 3775 540 3829 verset
561 3770 711 3841 animum,
729 3785 782 3830 nec
804 3748 1099 3844 relicunm'uidctur,
1120 3774 1198 3853 quod
1219 3775 1250 3833 in

104 3873 173 3953 ipsis
195 3874 292 3937 vorbis
315 3873 519 3952 reprehendas.
566 3873 643 3940 Quid
676 3875 784 3947 multa,
815 3876 955 3955 optimo
978 3875 1164 3938 Anthonil
1192 3898 1251 3960 ege

88 3979 195 4058 'ipsum
217 3979 379 4061 Vergilium
403 3979 531 4038 sinemus
553 3997 670 4038 causam
694 3999 775 4039 suem
797 3980 957 4059 suscipere.
1001 3983 1052 4041 Sic
1075 3982 1125 4042 ille
1140 3983 1175 4043 de
1188 3983 1249 4044 ille·

104 4085 187 4157 mbo,
209 4103 275 4145 cum
296 4083 422 4143 Volscos
443 4081 565 4163 lugeret
585 4081 709 4142 filiolam
723 4083 874 4143 Camillam
897 4085 926 4142 io
949 4084 1014 4144 sinu
1037 4106 1107 4165 prae
1129 4105 1162 4146 so
1184 4109 1250 4168 por·

103 4193 169 4250 taos
190 4190 352 4272 fugamque
373 4189 520 4248 Amaseno
536 4187 624 4250 fluvio
647 4189 810 4270 praepediri
833 4189 945 4260 videns,
971 4192 1020 4262 ll,
1043 4193 1249 4254 otomatis

105 4293 179 4363 „lllo
200 4297 302 4386 innare
323 4313 431 4374 parens
454 4291 577 4353 infantis
599 4310 699 4353 amore
722 4294 876 4354 Tardatur
902 4311 1030 4375 caroque
1053 4297 1137 4357 oneri
1157 4297 1249 4358 timet.

107 4396 234 4461 Omnis
254 4419 353 4462 secum
375 4397 512 4458 Vsmnti
534 4399 631 4460 subito
652 4399 703 4460 vix
724 4400 797 4460 laec
818 4398 966 4460 sententia
987 4399 1093 4461 sedit’'.
1143 4401 1252 4482 Nempe

939 4505 959 4563 8
971 4503 986 4538 6
