<?xml version="1.0" encoding="UTF-8"?>
<!DOCTYPE html PUBLIC "-//W3C//DTD XHTML 1.0 Transitional//EN"
    "http://www.w3.org/TR/xhtml1/DTD/xhtml1-transitional.dtd">
<html xmlns="http://www.w3.org/1999/xhtml" xml:lang="en" lang="en">
 <head>
  <title>
</title>
<meta http-equiv="Content-Type" content="text/html;charset=utf-8" />
  <meta name='ocr-system' content='tesseract 3.04.00' />
  <meta name='ocr-capabilities' content='ocr_page ocr_carea ocr_par ocr_line ocrx_word'/>
</head>
<body>
  <div class='ocr_page' id='page_1' title='image "./lectionumvergil00wagngoog_0101.png"; bbox 0 0 2940 4894; ppageno 0'>
   <div class='ocr_carea' id='block_1_1' title="bbox 236 224 952 296">
    <p class='ocr_par' dir='ltr' id='par_1_1' title="bbox 236 224 952 296">
     <span class='ocr_line' id='line_1_1' title="bbox 236 224 952 296; baseline -0.006 -12"><span class='ocrx_word' id='word_1_1' title='bbox 236 224 282 288; x_wconf 79' lang='grc'><strong>94</strong></span> <span class='ocrx_word' id='word_1_2' title='bbox 677 226 797 295; x_wconf 83' lang='lat' dir='ltr'><strong>Philippi</strong></span> <span class='ocrx_word' id='word_1_3' title='bbox 814 227 952 296; x_wconf 74' lang='lat' dir='ltr'><strong>Wagnerl</strong></span> 
     </span>
    </p>
   </div>
   <div class='ocr_carea' id='block_1_2' title="bbox 226 376 1466 3944">
    <p class='ocr_par' dir='ltr' id='par_1_2' title="bbox 227 376 1466 3720">
     <span class='ocr_line' id='line_1_2' title="bbox 236 376 1464 464; baseline 0.004 -26"><span class='ocrx_word' id='word_1_4' title='bbox 236 399 304 438; x_wconf 87' lang='lat' dir='ltr'><strong>mon</strong></span> <span class='ocrx_word' id='word_1_5' title='bbox 326 378 399 438; x_wconf 90' lang='lat' dir='ltr'><strong>banc</strong></span> <span class='ocrx_word' id='word_1_6' title='bbox 423 395 487 438; x_wconf 88' lang='lat' dir='ltr'><strong>cum</strong></span> <span class='ocrx_word' id='word_1_7' title='bbox 507 376 630 436; x_wconf 85' lang='lat' dir='ltr'><strong>Medeae</strong></span> <span class='ocrx_word' id='word_1_8' title='bbox 652 378 837 451; x_wconf 89' lang='lat' dir='ltr'><strong>crudelitate,</strong></span> <span class='ocrx_word' id='word_1_9' title='bbox 868 401 925 461; x_wconf 92' lang='lat' dir='ltr'><strong>qua</strong></span> <span class='ocrx_word' id='word_1_10' title='bbox 948 381 1060 460; x_wconf 89' lang='lat' dir='ltr'><strong>quidem</strong></span> <span class='ocrx_word' id='word_1_11' title='bbox 1084 382 1154 442; x_wconf 91' lang='lat' dir='ltr'><strong>nibil</strong></span> <span class='ocrx_word' id='word_1_12' title='bbox 1176 382 1306 464; x_wconf 77' lang='lat' dir='ltr'><strong>cogitari</strong></span> <span class='ocrx_word' id='word_1_13' title='bbox 1326 403 1377 442; x_wconf 83' lang='lat' dir='ltr'><strong>so·</strong></span> <span class='ocrx_word' id='word_1_14' title='bbox 1463 453 1464 458; x_wconf 8' lang='grc' dir='ltr'>η</span> 
     </span>
     <span class='ocr_line' id='line_1_3' title="bbox 233 461 1378 567; baseline 0.003 -25"><span class='ocrx_word' id='word_1_15' title='bbox 233 483 275 544; x_wconf 90' lang='lat' dir='ltr'><strong>let</strong></span> <span class='ocrx_word' id='word_1_16' title='bbox 299 461 460 544; x_wconf 61' lang='lat' dir='ltr'><strong>imrnonlus.¹</strong></span> <span class='ocrx_word' id='word_1_17' title='bbox 502 482 576 540; x_wconf 89' lang='lat' dir='ltr'><strong>Num</strong></span> <span class='ocrx_word' id='word_1_18' title='bbox 599 483 708 563; x_wconf 79' lang='lat' dir='ltr'><strong>igitur,</strong></span> <span class='ocrx_word' id='word_1_19' title='bbox 731 485 835 564; x_wconf 89' lang='lat' dir='ltr'><strong>iuquit,</strong></span> <span class='ocrx_word' id='word_1_20' title='bbox 857 487 1004 548; x_wconf 77' lang='lat' dir='ltr'><strong>crudelior</strong></span> <span class='ocrx_word' id='word_1_21' title='bbox 1025 495 1133 559; x_wconf 89' lang='lat' dir='ltr'><strong>mater,</strong></span> <span class='ocrx_word' id='word_1_22' title='bbox 1155 507 1192 548; x_wconf 91' lang='lat' dir='ltr'><strong>an</strong></span> <span class='ocrx_word' id='word_1_23' title='bbox 1216 486 1378 567; x_wconf 75' lang='lat' dir='ltr'>inprobior</span> 
     </span>
     <span class='ocr_line' id='line_1_4' title="bbox 231 587 1378 672; baseline 0.002 -24"><span class='ocrx_word' id='word_1_24' title='bbox 231 589 341 648; x_wconf 75' lang='lat' dir='ltr'><strong>Amori</strong></span> <span class='ocrx_word' id='word_1_25' title='bbox 384 587 534 668; x_wconf 84' lang='lat' dir='ltr'><strong>lmprobus</strong></span> <span class='ocrx_word' id='word_1_26' title='bbox 566 595 613 647; x_wconf 87' lang='lat' dir='ltr'><strong>est</strong></span> <span class='ocrx_word' id='word_1_27' title='bbox 634 589 741 661; x_wconf 86' lang='lat' dir='ltr'><strong>Amor,</strong></span> <span class='ocrx_word' id='word_1_28' title='bbox 771 609 942 671; x_wconf 89' lang='lat' dir='ltr'><strong>quamquam</strong></span> <span class='ocrx_word' id='word_1_29' title='bbox 972 600 1066 653; x_wconf 88' lang='lat' dir='ltr'><strong>mater</strong></span> <span class='ocrx_word' id='word_1_30' title='bbox 1094 611 1209 672; x_wconf 91' lang='lat' dir='ltr'><strong>quoque</strong></span> <span class='ocrx_word' id='word_1_31' title='bbox 1238 612 1378 672; x_wconf 76' lang='lat' dir='ltr'><strong>magnam</strong></span> 
     </span>
     <span class='ocr_line' id='line_1_5' title="bbox 233 692 1462 777; baseline 0.006 -24"><span class='ocrx_word' id='word_1_32' title='bbox 233 693 360 753; x_wconf 83' lang='lat' dir='ltr'><strong>sustinet</strong></span> <span class='ocrx_word' id='word_1_33' title='bbox 382 693 565 752; x_wconf 77' lang='lat' dir='ltr'><strong>crudelitatis</strong></span> <span class='ocrx_word' id='word_1_34' title='bbox 588 692 712 772; x_wconf 89' lang='lat' dir='ltr'><strong>colpam.</strong></span> <span class='ocrx_word' id='word_1_35' title='bbox 770 695 851 776; x_wconf 79' lang='lat' dir='ltr'><strong>Ergo</strong></span> <span class='ocrx_word' id='word_1_36' title='bbox 875 715 938 756; x_wconf 87' lang='lat' dir='ltr'><strong>cum</strong></span> <span class='ocrx_word' id='word_1_37' title='bbox 961 697 1065 757; x_wconf 86' lang='lat' dir='ltr'><strong>Medea</strong></span> <span class='ocrx_word' id='word_1_38' title='bbox 1088 718 1141 777; x_wconf 92' lang='lat' dir='ltr'><strong>pro</strong></span> <span class='ocrx_word' id='word_1_39' title='bbox 1165 697 1299 776; x_wconf 85' lang='lat' dir='ltr'><strong>exemplo</strong></span> <span class='ocrx_word' id='word_1_40' title='bbox 1324 716 1377 756; x_wconf 86' lang='lat' dir='ltr'><strong>cx·</strong></span> <span class='ocrx_word' id='word_1_41' title='bbox 1461 757 1462 760; x_wconf 74' lang='grc'>,</span> 
     </span>
     <span class='ocr_line' id='line_1_6' title="bbox 232 798 1376 881; baseline 0.001 -23"><span class='ocrx_word' id='word_1_42' title='bbox 232 806 343 858; x_wconf 85' lang='lat' dir='ltr'><strong>tramae</strong></span> <span class='ocrx_word' id='word_1_43' title='bbox 365 798 553 858; x_wconf 88' lang='lat' dir='ltr'><strong>immanitatis</strong></span> <span class='ocrx_word' id='word_1_44' title='bbox 576 798 736 872; x_wconf 90' lang='lat' dir='ltr'><strong>babeatur,</strong></span> <span class='ocrx_word' id='word_1_45' title='bbox 759 807 855 860; x_wconf 86' lang='lat' dir='ltr'><strong>tamen</strong></span> <span class='ocrx_word' id='word_1_46' title='bbox 878 802 1047 881; x_wconf 90' lang='lat' dir='ltr'><strong>improbitas</strong></span> <span class='ocrx_word' id='word_1_47' title='bbox 1078 803 1192 862; x_wconf 76' lang='lat' dir='ltr'><strong>Amoris</strong></span> <span class='ocrx_word' id='word_1_48' title='bbox 1221 802 1301 862; x_wconf 89' lang='lat' dir='ltr'><strong>illam</strong></span> <span class='ocrx_word' id='word_1_49' title='bbox 1326 821 1376 860; x_wconf 88' lang='lat' dir='ltr'><strong>su-</strong></span> 
     </span>
     <span class='ocr_line' id='line_1_7' title="bbox 230 902 1378 988; baseline 0.002 -26"><span class='ocrx_word' id='word_1_50' title='bbox 230 912 332 985; x_wconf 88' lang='lat' dir='ltr'><strong>perat,</strong></span> <span class='ocrx_word' id='word_1_51' title='bbox 356 904 461 983; x_wconf 89' lang='lat' dir='ltr'><strong>quippe</strong></span> <span class='ocrx_word' id='word_1_52' title='bbox 484 902 532 982; x_wconf 87' lang='lat' dir='ltr'><strong>qui</strong></span> <span class='ocrx_word' id='word_1_53' title='bbox 555 904 624 963; x_wconf 87' lang='lat' dir='ltr'><strong>talis</strong></span> <span class='ocrx_word' id='word_1_54' title='bbox 647 905 835 965; x_wconf 88' lang='lat' dir='ltr'><strong>immanitatis</strong></span> <span class='ocrx_word' id='word_1_55' title='bbox 858 908 1000 988; x_wconf 77' lang='lat' dir='ltr'><strong>magister</strong></span> <span class='ocrx_word' id='word_1_56' title='bbox 1021 907 1120 968; x_wconf 87' lang='lat' dir='ltr'><strong>fuerit.</strong></span> <span class='ocrx_word' id='word_1_57' title='bbox 1174 907 1204 966; x_wconf 94' lang='lat' dir='ltr'><strong>ln</strong></span> <span class='ocrx_word' id='word_1_58' title='bbox 1228 907 1272 966; x_wconf 85' lang='lat' dir='ltr'><strong>bis</strong></span> <span class='ocrx_word' id='word_1_59' title='bbox 1295 906 1378 986; x_wconf 91' lang='lat' dir='ltr'><strong>equi·</strong></span> 
     </span>
     <span class='ocr_line' id='line_1_8' title="bbox 231 1008 1378 1092; baseline 0.002 -24"><span class='ocrx_word' id='word_1_60' title='bbox 231 1011 295 1070; x_wconf 91' lang='lat' dir='ltr'><strong>dem</strong></span> <span class='ocrx_word' id='word_1_61' title='bbox 318 1008 387 1069; x_wconf 88' lang='lat' dir='ltr'><strong>nibil</strong></span> <span class='ocrx_word' id='word_1_62' title='bbox 411 1010 612 1089; x_wconf 80' lang='lat' dir='ltr'><strong>deprehendo,</strong></span> <span class='ocrx_word' id='word_1_63' title='bbox 647 1011 724 1089; x_wconf 92' lang='lat' dir='ltr'><strong>qnod</strong></span> <span class='ocrx_word' id='word_1_64' title='bbox 757 1012 860 1071; x_wconf 88' lang='lat' dir='ltr'><strong>merito</strong></span> <span class='ocrx_word' id='word_1_65' title='bbox 895 1013 1064 1092; x_wconf 89' lang='lat' dir='ltr'><strong>ineptum</strong></span> <span class='ocrx_word' id='word_1_66' title='bbox 1096 1012 1378 1091; x_wconf 69' lang='lat' dir='ltr'><strong>absurdumque</strong></span> 
     </span>
     <span class='ocr_line' id='line_1_9' title="bbox 231 1114 1377 1198; baseline 0 -24"><span class='ocrx_word' id='word_1_67' title='bbox 231 1116 355 1176; x_wconf 90' lang='lat' dir='ltr'><strong>dicatur.</strong></span> <span class='ocrx_word' id='word_1_68' title='bbox 410 1116 477 1196; x_wconf 76' lang='lat' dir='ltr'><strong>ligo</strong></span> <span class='ocrx_word' id='word_1_69' title='bbox 509 1135 579 1176; x_wconf 86' lang='lat' dir='ltr'><strong>vero</strong></span> <span class='ocrx_word' id='word_1_70' title='bbox 607 1114 696 1174; x_wconf 84' lang='lat' dir='ltr'><strong>focile</strong></span> <span class='ocrx_word' id='word_1_71' title='bbox 723 1115 825 1176; x_wconf 84' lang='lat' dir='ltr'><strong>diffido</strong></span> <span class='ocrx_word' id='word_1_72' title='bbox 858 1138 938 1178; x_wconf 90' lang='lat' dir='ltr'><strong>meae</strong></span> <span class='ocrx_word' id='word_1_73' title='bbox 968 1119 1202 1198; x_wconf 80' lang='lat' dir='ltr'><strong>perspicacitati3</strong></span> <span class='ocrx_word' id='word_1_74' title='bbox 1233 1117 1285 1176; x_wconf 89' lang='lat' dir='ltr'><strong>sed</strong></span> <span class='ocrx_word' id='word_1_75' title='bbox 1308 1136 1377 1175; x_wconf 90' lang='lat' dir='ltr'><strong>cum</strong></span> 
     </span>
     <span class='ocr_line' id='line_1_10' title="bbox 231 1219 1376 1299; baseline -0.001 -19"><span class='ocrx_word' id='word_1_76' title='bbox 231 1239 267 1280; x_wconf 90' lang='lat' dir='ltr'><strong>ne</strong></span> <span class='ocrx_word' id='word_1_77' title='bbox 281 1219 386 1278; x_wconf 85' lang='lat' dir='ltr'><strong>Vossio</strong></span> <span class='ocrx_word' id='word_1_78' title='bbox 406 1220 519 1298; x_wconf 91' lang='lat' dir='ltr'><strong>quidem</strong></span> <span class='ocrx_word' id='word_1_79' title='bbox 543 1239 647 1299; x_wconf 90' lang='lat' dir='ltr'><strong>aquam</strong></span> <span class='ocrx_word' id='word_1_80' title='bbox 670 1221 715 1279; x_wconf 93' lang='lat' dir='ltr'><strong>bic</strong></span> <span class='ocrx_word' id='word_1_81' title='bbox 732 1222 864 1282; x_wconf 84' lang='lat' dir='ltr'><strong>haesisse</strong></span> <span class='ocrx_word' id='word_1_82' title='bbox 880 1223 1002 1294; x_wconf 85' lang='lat' dir='ltr'><strong>videam,</strong></span> <span class='ocrx_word' id='word_1_83' title='bbox 1026 1243 1083 1283; x_wconf 92' lang='lat' dir='ltr'><strong>nou</strong></span> <span class='ocrx_word' id='word_1_84' title='bbox 1099 1221 1265 1283; x_wconf 68' lang='lat' dir='ltr'><strong>retractabo</strong></span> <span class='ocrx_word' id='word_1_85' title='bbox 1285 1240 1376 1292; x_wconf 86' lang='lat' dir='ltr'><strong>nunc,</strong></span> 
     </span>
     <span class='ocr_line' id='line_1_11' title="bbox 230 1324 1376 1406; baseline 0.002 -22"><span class='ocrx_word' id='word_1_86' title='bbox 230 1345 305 1406; x_wconf 91' lang='lat' dir='ltr'><strong>quae</strong></span> <span class='ocrx_word' id='word_1_87' title='bbox 326 1324 431 1383; x_wconf 88' lang='lat' dir='ltr'><strong>dudum</strong></span> <span class='ocrx_word' id='word_1_88' title='bbox 455 1343 472 1383; x_wconf 89' lang='lat' dir='ltr'><strong>o</strong></span> <span class='ocrx_word' id='word_1_89' title='bbox 496 1344 540 1383; x_wconf 92' lang='lat' dir='ltr'><strong>me</strong></span> <span class='ocrx_word' id='word_1_90' title='bbox 563 1325 673 1403; x_wconf 84' lang='lat' dir='ltr'><strong>scripta</strong></span> <span class='ocrx_word' id='word_1_91' title='bbox 695 1334 764 1384; x_wconf 85' lang='lat' dir='ltr'><strong>sunt</strong></span> <span class='ocrx_word' id='word_1_92' title='bbox 787 1327 814 1385; x_wconf 91' lang='lat' dir='ltr'><strong>in</strong></span> <span class='ocrx_word' id='word_1_93' title='bbox 838 1327 947 1386; x_wconf 89' lang='lat' dir='ltr'><strong>maiore</strong></span> <span class='ocrx_word' id='word_1_94' title='bbox 970 1334 1001 1387; x_wconf 93' lang='lat' dir='ltr'><strong>et</strong></span> <span class='ocrx_word' id='word_1_95' title='bbox 1022 1327 1133 1386; x_wconf 88' lang='lat' dir='ltr'><strong>minore</strong></span> <span class='ocrx_word' id='word_1_96' title='bbox 1156 1327 1294 1385; x_wconf 88' lang='lat' dir='ltr'><strong>editione.</strong></span> <span class='ocrx_word' id='word_1_97' title='bbox 1318 1325 1376 1386; x_wconf 84' lang='lat' dir='ltr'><strong>Ge·</strong></span> 
     </span>
     <span class='ocr_line' id='line_1_12' title="bbox 229 1429 1376 1509; baseline 0 -21"><span class='ocrx_word' id='word_1_98' title='bbox 229 1437 323 1490; x_wconf 88' lang='lat' dir='ltr'><strong>tarum</strong></span> <span class='ocrx_word' id='word_1_99' title='bbox 345 1447 409 1489; x_wconf 90' lang='lat' dir='ltr'><strong>cum</strong></span> <span class='ocrx_word' id='word_1_100' title='bbox 432 1449 548 1490; x_wconf 85' lang='lat' dir='ltr'><strong>vorsum</strong></span> <span class='ocrx_word' id='word_1_101' title='bbox 570 1432 611 1490; x_wconf 83' lang='lat'><strong>50</strong></span> <span class='ocrx_word' id='word_1_102' title='bbox 634 1429 762 1489; x_wconf 87' lang='lat' dir='ltr'><strong>retineat</strong></span> <span class='ocrx_word' id='word_1_103' title='bbox 791 1431 990 1503; x_wconf 72' lang='lat' dir='ltr'><strong>Hermonem,</strong></span> <span class='ocrx_word' id='word_1_104' title='bbox 1021 1452 1078 1490; x_wconf 90' lang='lat' dir='ltr'><strong>non</strong></span> <span class='ocrx_word' id='word_1_105' title='bbox 1103 1431 1219 1492; x_wconf 85' lang='lat' dir='ltr'><strong>videtur</strong></span> <span class='ocrx_word' id='word_1_106' title='bbox 1248 1431 1376 1509; x_wconf 84' lang='lat' dir='ltr'><strong>liquere,</strong></span> 
     </span>
     <span class='ocr_line' id='line_1_13' title="bbox 229 1535 1375 1617; baseline -0.002 -21"><span class='ocrx_word' id='word_1_107' title='bbox 229 1555 320 1617; x_wconf 85' lang='lat' dir='ltr'><strong>quare</strong></span> <span class='ocrx_word' id='word_1_108' title='bbox 341 1555 376 1595; x_wconf 89' lang='lat' dir='ltr'><strong>ec</strong></span> <span class='ocrx_word' id='word_1_109' title='bbox 400 1553 486 1597; x_wconf 81' lang='lat' dir='ltr'><strong>versu</strong></span> <span class='ocrx_word' id='word_1_110' title='bbox 509 1553 615 1610; x_wconf 79' lang='lat' dir='ltr'><strong>quoquc</strong></span> <span class='ocrx_word' id='word_1_111' title='bbox 637 1553 737 1593; x_wconf 87' lang='lat' dir='ltr'><strong>verum</strong></span> <span class='ocrx_word' id='word_1_112' title='bbox 760 1535 818 1606; x_wconf 83' lang='lat' dir='ltr'><strong>sit,</strong></span> <span class='ocrx_word' id='word_1_113' title='bbox 841 1556 899 1595; x_wconf 89' lang='lat' dir='ltr'><strong>non</strong></span> <span class='ocrx_word' id='word_1_114' title='bbox 922 1539 991 1596; x_wconf 89' lang='lat' dir='ltr'><strong>item</strong></span> <span class='ocrx_word' id='word_1_115' title='bbox 1013 1557 1056 1597; x_wconf 80' lang='lat' dir='ltr'><strong>vs.</strong></span> <span class='ocrx_word' id='word_1_116' title='bbox 1074 1539 1125 1596; x_wconf 77' lang='grc'><strong>48.</strong></span> <span class='ocrx_word' id='word_1_117' title='bbox 1169 1537 1276 1616; x_wconf 78' lang='lat' dir='ltr'><strong>Pergit</strong></span> <span class='ocrx_word' id='word_1_118' title='bbox 1300 1537 1375 1594; x_wconf 88' lang='lat' dir='ltr'><strong>ller-</strong></span> 
     </span>
     <span class='ocr_line' id='line_1_14' title="bbox 229 1639 1375 1715; baseline -0.001 -14"><span class='ocrx_word' id='word_1_119' title='bbox 229 1661 367 1702; x_wconf 86' lang='lat' dir='ltr'><strong>monnus:</strong></span> <span class='ocrx_word' id='word_1_120' title='bbox 391 1641 456 1713; x_wconf 84' lang='lat' dir='ltr'><strong>„lle</strong></span> <span class='ocrx_word' id='word_1_121' title='bbox 479 1639 545 1699; x_wconf 86' lang='lat' dir='ltr'><strong>solo</strong></span> <span class='ocrx_word' id='word_1_122' title='bbox 568 1639 682 1698; x_wconf 78' lang='lat' dir='ltr'><strong>Amoris</strong></span> <span class='ocrx_word' id='word_1_123' title='bbox 705 1640 829 1700; x_wconf 81' lang='lat' dir='ltr'><strong>saevitia</strong></span> <span class='ocrx_word' id='word_1_124' title='bbox 851 1661 947 1702; x_wconf 91' lang='lat' dir='ltr'><strong>sermo</strong></span> <span class='ocrx_word' id='word_1_125' title='bbox 971 1651 1034 1715; x_wconf 83' lang='lat' dir='ltr'><strong>est3</strong></span> <span class='ocrx_word' id='word_1_126' title='bbox 1057 1642 1178 1702; x_wconf 82' lang='lat' dir='ltr'><strong>Medeae</strong></span> <span class='ocrx_word' id='word_1_127' title='bbox 1200 1641 1375 1714; x_wconf 86' lang='lat' dir='ltr'><strong>crudelitas,</strong></span> 
     </span>
     <span class='ocr_line' id='line_1_15' title="bbox 229 1744 1374 1828; baseline -0.002 -22"><span class='ocrx_word' id='word_1_128' title='bbox 229 1755 262 1806; x_wconf 86' lang='lat' dir='ltr'><strong>nt</strong></span> <span class='ocrx_word' id='word_1_129' title='bbox 285 1745 447 1825; x_wconf 84' lang='lat' dir='ltr'><strong>exemplum</strong></span> <span class='ocrx_word' id='word_1_130' title='bbox 471 1744 587 1804; x_wconf 80' lang='lat' dir='ltr'><strong>Amoris</strong></span> <span class='ocrx_word' id='word_1_131' title='bbox 610 1744 771 1816; x_wconf 85' lang='lat' dir='ltr'><strong>saevitiae,</strong></span> <span class='ocrx_word' id='word_1_132' title='bbox 794 1746 879 1806; x_wconf 92' lang='lat' dir='ltr'><strong>modo</strong></span> <span class='ocrx_word' id='word_1_133' title='bbox 894 1747 1075 1808; x_wconf 85' lang='lat' dir='ltr'><strong>levitererat</strong></span> <span class='ocrx_word' id='word_1_134' title='bbox 1089 1746 1255 1828; x_wconf 78' lang='lat' dir='ltr'><strong>tangenda3</strong></span> <span class='ocrx_word' id='word_1_135' title='bbox 1279 1765 1374 1826; x_wconf 89' lang='lat' dir='ltr'><strong>quare</strong></span> 
     </span>
     <span class='ocr_line' id='line_1_16' title="bbox 229 1849 1373 1933; baseline -0.002 -22"><span class='ocrx_word' id='word_1_136' title='bbox 229 1850 365 1933; x_wconf 76' lang='lat' dir='ltr'><strong>quaestio</strong></span> <span class='ocrx_word' id='word_1_137' title='bbox 388 1849 440 1908; x_wconf 88' lang='lat' dir='ltr'><strong>illa</strong></span> <span class='ocrx_word' id='word_1_138' title='bbox 463 1851 584 1908; x_wconf 79' lang='lat' dir='ltr'><strong>crudelis</strong></span> <span class='ocrx_word' id='word_1_139' title='bbox 607 1859 697 1907; x_wconf 84' lang='lat' dir='ltr'><strong>muter</strong></span> <span class='ocrx_word' id='word_1_140' title='bbox 727 1853 816 1926; x_wconf 75' lang='lat' dir='ltr'><strong>scopis</strong></span> <span class='ocrx_word' id='word_1_141' title='bbox 845 1871 883 1909; x_wconf 86' lang='lat' dir='ltr'><strong>on</strong></span> <span class='ocrx_word' id='word_1_142' title='bbox 915 1870 988 1926; x_wconf 80' lang='lat' dir='ltr'><strong>puer</strong></span> <span class='ocrx_word' id='word_1_143' title='bbox 1009 1853 1143 1926; x_wconf 75' lang='lat' dir='ltr'><strong>inprobus</strong></span> <span class='ocrx_word' id='word_1_144' title='bbox 1173 1853 1219 1910; x_wconf 82' lang='lat' dir='ltr'><strong>ille</strong></span> <span class='ocrx_word' id='word_1_145' title='bbox 1246 1851 1283 1910; x_wconf 87' lang='lat' dir='ltr'><strong>ab</strong></span> <span class='ocrx_word' id='word_1_146' title='bbox 1314 1853 1373 1910; x_wconf 91' lang='lat' dir='ltr'><strong>boc</strong></span> 
     </span>
     <span class='ocr_line' id='line_1_17' title="bbox 228 1955 1373 2028; baseline 0 -12"><span class='ocrx_word' id='word_1_147' title='bbox 228 1958 295 2016; x_wconf 93' lang='lat' dir='ltr'><strong>loco</strong></span> <span class='ocrx_word' id='word_1_148' title='bbox 319 1956 498 2016; x_wconf 87' lang='lat' dir='ltr'><strong>alienissimo</strong></span> <span class='ocrx_word' id='word_1_149' title='bbox 521 1958 597 2017; x_wconf 89' lang='lat' dir='ltr'><strong>est.”</strong></span> <span class='ocrx_word' id='word_1_150' title='bbox 641 1957 737 2018; x_wconf 81' lang='lat' dir='ltr'><strong>Aliter</strong></span> <span class='ocrx_word' id='word_1_151' title='bbox 758 1955 956 2028; x_wconf 87' lang='lat' dir='ltr'><strong>iudicabimus,</strong></span> <span class='ocrx_word' id='word_1_152' title='bbox 980 1957 1005 2016; x_wconf 94' lang='lat' dir='ltr'><strong>si</strong></span> <span class='ocrx_word' id='word_1_153' title='bbox 1027 1957 1084 2015; x_wconf 88' lang='lat' dir='ltr'><strong>boc</strong></span> <span class='ocrx_word' id='word_1_154' title='bbox 1100 1957 1288 2028; x_wconf 85' lang='lat' dir='ltr'><strong>tenuerimus,</strong></span> <span class='ocrx_word' id='word_1_155' title='bbox 1312 1978 1373 2016; x_wconf 89' lang='lat' dir='ltr'><strong>oon</strong></span> 
     </span>
     <span class='ocr_line' id='line_1_18' title="bbox 229 2061 1374 2143; baseline -0.003 -20"><span class='ocrx_word' id='word_1_156' title='bbox 229 2071 342 2123; x_wconf 91' lang='lat' dir='ltr'><strong>tantum</strong></span> <span class='ocrx_word' id='word_1_157' title='bbox 369 2064 531 2142; x_wconf 89' lang='lat' dir='ltr'><strong>exemplum</strong></span> <span class='ocrx_word' id='word_1_158' title='bbox 566 2064 684 2143; x_wconf 88' lang='lat' dir='ltr'><strong>aliquod</strong></span> <span class='ocrx_word' id='word_1_159' title='bbox 718 2061 859 2122; x_wconf 82' lang='lat' dir='ltr'><strong>saevitiae</strong></span> <span class='ocrx_word' id='word_1_160' title='bbox 888 2063 1003 2120; x_wconf 83' lang='lat' dir='ltr'><strong>Amoris</strong></span> <span class='ocrx_word' id='word_1_161' title='bbox 1035 2081 1215 2142; x_wconf 80' lang='lat' dir='ltr'><strong>proponere,</strong></span> <span class='ocrx_word' id='word_1_162' title='bbox 1245 2063 1315 2133; x_wconf 89' lang='lat' dir='ltr'><strong>sed,</strong></span> <span class='ocrx_word' id='word_1_163' title='bbox 1339 2071 1374 2120; x_wconf 92' lang='lat' dir='ltr'><strong>ut</strong></span> 
     </span>
     <span class='ocr_line' id='line_1_19' title="bbox 229 2167 1372 2248; baseline -0.003 -19"><span class='ocrx_word' id='word_1_164' title='bbox 229 2169 482 2248; x_wconf 86' lang='lat' dir='ltr'><strong>supradiximus,</strong></span> <span class='ocrx_word' id='word_1_165' title='bbox 512 2188 574 2229; x_wconf 88' lang='lat' dir='ltr'><strong>eom</strong></span> <span class='ocrx_word' id='word_1_166' title='bbox 599 2169 749 2228; x_wconf 89' lang='lat' dir='ltr'><strong>saevitiam</strong></span> <span class='ocrx_word' id='word_1_167' title='bbox 773 2187 837 2232; x_wconf 87' lang='lat' dir='ltr'><strong>cnm</strong></span> <span class='ocrx_word' id='word_1_168' title='bbox 867 2167 1027 2226; x_wconf 86' lang='lat' dir='ltr'><strong>incredibili</strong></span> <span class='ocrx_word' id='word_1_169' title='bbox 1049 2167 1224 2226; x_wconf 87' lang='lat' dir='ltr'><strong>crudelitate</strong></span> <span class='ocrx_word' id='word_1_170' title='bbox 1246 2167 1372 2227; x_wconf 81' lang='lat' dir='ltr'><strong>Medeon</strong></span> 
     </span>
     <span class='ocr_line' id='line_1_20' title="bbox 229 2269 1373 2352; baseline 0 -21"><span class='ocrx_word' id='word_1_171' title='bbox 229 2272 406 2332; x_wconf 88' lang='lat' dir='ltr'><strong>contendere</strong></span> <span class='ocrx_word' id='word_1_172' title='bbox 428 2281 544 2352; x_wconf 83' lang='lat' dir='ltr'><strong>poetam</strong></span> <span class='ocrx_word' id='word_1_173' title='bbox 568 2272 709 2342; x_wconf 85' lang='lat' dir='ltr'><strong>voluisse,</strong></span> <span class='ocrx_word' id='word_1_174' title='bbox 733 2291 790 2351; x_wconf 93' lang='lat' dir='ltr'><strong>quo</strong></span> <span class='ocrx_word' id='word_1_175' title='bbox 814 2269 948 2330; x_wconf 76' lang='lat' dir='ltr'><strong>acerbius</strong></span> <span class='ocrx_word' id='word_1_176' title='bbox 972 2279 1090 2331; x_wconf 89' lang='lat' dir='ltr'><strong>notaret</strong></span> <span class='ocrx_word' id='word_1_177' title='bbox 1102 2273 1234 2330; x_wconf 88' lang='lat' dir='ltr'><strong>Amorem</strong></span> <span class='ocrx_word' id='word_1_178' title='bbox 1247 2271 1373 2331; x_wconf 81' lang='lat' dir='ltr'><strong>Medeae</strong></span> 
     </span>
     <span class='ocr_line' id='line_1_21' title="bbox 228 2375 1371 2457; baseline 0.001 -20"><span class='ocrx_word' id='word_1_179' title='bbox 228 2376 430 2437; x_wconf 73' lang='lat' dir='ltr'><strong>crudelitatem</strong></span> <span class='ocrx_word' id='word_1_180' title='bbox 452 2376 637 2448; x_wconf 87' lang='lat' dir='ltr'><strong>detestando,</strong></span> <span class='ocrx_word' id='word_1_181' title='bbox 659 2377 710 2436; x_wconf 89' lang='lat' dir='ltr'><strong>scd</strong></span> <span class='ocrx_word' id='word_1_182' title='bbox 734 2375 824 2436; x_wconf 93' lang='lat' dir='ltr'><strong>multo</strong></span> <span class='ocrx_word' id='word_1_183' title='bbox 848 2377 943 2457; x_wconf 79' lang='lat' dir='ltr'><strong>magis</strong></span> <span class='ocrx_word' id='word_1_184' title='bbox 965 2377 1138 2438; x_wconf 88' lang='lat' dir='ltr'><strong>detestando</strong></span> <span class='ocrx_word' id='word_1_185' title='bbox 1168 2378 1284 2438; x_wconf 84' lang='lat' dir='ltr'><strong>Amoris</strong></span> <span class='ocrx_word' id='word_1_186' title='bbox 1306 2397 1371 2438; x_wconf 90' lang='lat' dir='ltr'><strong>sac·</strong></span> 
     </span>
     <span class='ocr_line' id='line_1_22' title="bbox 228 2479 1368 2562; baseline -0.002 -18"><span class='ocrx_word' id='word_1_187' title='bbox 228 2483 328 2545; x_wconf 88' lang='lat' dir='ltr'><strong>vitiam</strong></span> <span class='ocrx_word' id='word_1_188' title='bbox 351 2481 456 2561; x_wconf 89' lang='lat' dir='ltr'><strong>quippe</strong></span> <span class='ocrx_word' id='word_1_189' title='bbox 478 2481 552 2540; x_wconf 91' lang='lat' dir='ltr'><strong>banc</strong></span> <span class='ocrx_word' id='word_1_190' title='bbox 582 2479 733 2541; x_wconf 83' lang='lat' dir='ltr'><strong>affirmans</strong></span> <span class='ocrx_word' id='word_1_191' title='bbox 766 2481 819 2541; x_wconf 90' lang='lat' dir='ltr'><strong>illa</strong></span> <span class='ocrx_word' id='word_1_192' title='bbox 851 2481 943 2542; x_wconf 89' lang='lat' dir='ltr'><strong>multo</strong></span> <span class='ocrx_word' id='word_1_193' title='bbox 974 2482 1164 2562; x_wconf 78' lang='lat' dir='ltr'><strong>insigniorem</strong></span> <span class='ocrx_word' id='word_1_194' title='bbox 1194 2481 1299 2542; x_wconf 87' lang='lat' dir='ltr'><strong>fuisse.</strong></span> <span class='ocrx_word' id='word_1_195' title='bbox 1327 2516 1368 2526; x_wconf 86' lang='lat'><strong>-—</strong></span> 
     </span>
     <span class='ocr_line' id='line_1_23' title="bbox 228 2583 1369 2669; baseline 0 -19"><span class='ocrx_word' id='word_1_196' title='bbox 228 2588 396 2669; x_wconf 78' lang='lat' dir='ltr'><strong>Longiores</strong></span> <span class='ocrx_word' id='word_1_197' title='bbox 418 2588 465 2647; x_wconf 92' lang='lat' dir='ltr'><strong>bic</strong></span> <span class='ocrx_word' id='word_1_198' title='bbox 476 2583 601 2660; x_wconf 83' lang='lat' dir='ltr'><strong>fuimus3</strong></span> <span class='ocrx_word' id='word_1_199' title='bbox 624 2587 740 2648; x_wconf 86' lang='lat' dir='ltr'><strong>brevius</strong></span> <span class='ocrx_word' id='word_1_200' title='bbox 755 2597 854 2648; x_wconf 90' lang='lat' dir='ltr'><strong>cetera</strong></span> <span class='ocrx_word' id='word_1_201' title='bbox 868 2589 1003 2668; x_wconf 88' lang='lat' dir='ltr'><strong>persequi</strong></span> <span class='ocrx_word' id='word_1_202' title='bbox 1019 2588 1125 2650; x_wconf 91' lang='lat' dir='ltr'><strong>licebit.</strong></span> <span class='ocrx_word' id='word_1_203' title='bbox 1170 2589 1246 2649; x_wconf 87' lang='lat' dir='ltr'><strong>Post</strong></span> <span class='ocrx_word' id='word_1_204' title='bbox 1269 2608 1313 2650; x_wconf 87' lang='lat' dir='ltr'><strong>vs.</strong></span> <span class='ocrx_word' id='word_1_205' title='bbox 1326 2591 1369 2650; x_wconf 84' lang='lat'><strong>58</strong></span> 
     </span>
     <span class='ocr_line' id='line_1_24' title="bbox 229 2693 1370 2774; baseline -0.003 -19"><span class='ocrx_word' id='word_1_206' title='bbox 229 2694 374 2755; x_wconf 79' lang='lat' dir='ltr'><strong>excidisse</strong></span> <span class='ocrx_word' id='word_1_207' title='bbox 395 2712 511 2752; x_wconf 86' lang='lat' dir='ltr'><strong>versum</strong></span> <span class='ocrx_word' id='word_1_208' title='bbox 542 2693 722 2753; x_wconf 75' lang='lat' dir='ltr'><strong>Hermanno·</strong></span> <span class='ocrx_word' id='word_1_209' title='bbox 746 2695 905 2754; x_wconf 90' lang='lat' dir='ltr'><strong>arbitratur</strong></span> <span class='ocrx_word' id='word_1_210' title='bbox 934 2694 1128 2774; x_wconf 87' lang='lat' dir='ltr'><strong>amissumque</strong></span> <span class='ocrx_word' id='word_1_211' title='bbox 1154 2693 1249 2774; x_wconf 78' lang='lat' dir='ltr'><strong>signis</strong></span> <span class='ocrx_word' id='word_1_212' title='bbox 1278 2694 1370 2752; x_wconf 89' lang='lat' dir='ltr'><strong>inter·</strong></span> 
     </span>
     <span class='ocr_line' id='line_1_25' title="bbox 228 2797 1369 2880; baseline -0.003 -21"><span class='ocrx_word' id='word_1_213' title='bbox 228 2799 333 2880; x_wconf 92' lang='lat' dir='ltr'><strong>positis</strong></span> <span class='ocrx_word' id='word_1_214' title='bbox 354 2798 483 2857; x_wconf 90' lang='lat' dir='ltr'><strong>indicant</strong></span> <span class='ocrx_word' id='word_1_215' title='bbox 505 2797 695 2878; x_wconf 70' lang='lat' dir='ltr'><strong>Lodowigius</strong></span> <span class='ocrx_word' id='word_1_216' title='bbox 713 2807 744 2880; x_wconf 81' lang='lat' dir='ltr'><strong>et</strong></span> <span class='ocrx_word' id='word_1_217' title='bbox 759 2798 912 2877; x_wconf 83' lang='lat' dir='ltr'><strong>Hauptios.</strong></span> <span class='ocrx_word' id='word_1_218' title='bbox 957 2797 1022 2856; x_wconf 88' lang='lat' dir='ltr'><strong>Non</strong></span> <span class='ocrx_word' id='word_1_219' title='bbox 1036 2797 1168 2880; x_wconf 79' lang='lat' dir='ltr'><strong>negabis,</strong></span> <span class='ocrx_word' id='word_1_220' title='bbox 1190 2798 1369 2870; x_wconf 83' lang='lat' dir='ltr'><strong>Actboni,</strong></span> 
     </span>
     <span class='ocr_line' id='line_1_26' title="bbox 228 2897 1369 2982; baseline -0.003 -18"><span class='ocrx_word' id='word_1_221' title='bbox 228 2905 255 2965; x_wconf 89' lang='lat' dir='ltr'><strong>id</strong></span> <span class='ocrx_word' id='word_1_222' title='bbox 277 2902 341 2963; x_wconf 87' lang='lat' dir='ltr'><strong>lieri</strong></span> <span class='ocrx_word' id='word_1_223' title='bbox 363 2897 514 2982; x_wconf 77' lang='lat' dir='ltr'><strong>potuisse,</strong></span> <span class='ocrx_word' id='word_1_224' title='bbox 535 2903 586 2961; x_wconf 90' lang='lat' dir='ltr'><strong>sed</strong></span> <span class='ocrx_word' id='word_1_225' title='bbox 610 2903 688 2982; x_wconf 89' lang='lat' dir='ltr'><strong>quod</strong></span> <span class='ocrx_word' id='word_1_226' title='bbox 710 2904 891 2964; x_wconf 86' lang='lat' dir='ltr'><strong>Hermonnus</strong></span> <span class='ocrx_word' id='word_1_227' title='bbox 914 2903 956 2962; x_wconf 90' lang='lat' dir='ltr'><strong>ait</strong></span> <span class='ocrx_word' id='word_1_228' title='bbox 978 2901 1061 2961; x_wconf 84' lang='lat' dir='ltr'><strong>nimis</strong></span> <span class='ocrx_word' id='word_1_229' title='bbox 1084 2902 1190 2961; x_wconf 92' lang='lat' dir='ltr'><strong>nudum</strong></span> <span class='ocrx_word' id='word_1_230' title='bbox 1212 2920 1279 2960; x_wconf 80' lang='lat' dir='ltr'><strong>esse</strong></span> <span class='ocrx_word' id='word_1_231' title='bbox 1295 2901 1369 2961; x_wconf 88' lang='lat' dir='ltr'><strong>illud</strong></span> 
     </span>
     <span class='ocr_line' id='line_1_27' title="bbox 227 3007 1368 3087; baseline -0.001 -19"><span class='ocrx_word' id='word_1_232' title='bbox 227 3013 310 3068; x_wconf 80' lang='lat' dir='ltr'><strong>eicite</strong></span> <span class='ocrx_word' id='word_1_233' title='bbox 336 3010 437 3080; x_wconf 70' lang='lat' dir='ltr'><strong>runos,</strong></span> <span class='ocrx_word' id='word_1_234' title='bbox 470 3007 619 3086; x_wconf 90' lang='lat' dir='ltr'><strong>ipsamque</strong></span> <span class='ocrx_word' id='word_1_235' title='bbox 646 3007 689 3067; x_wconf 89' lang='lat' dir='ltr'><strong>rei</strong></span> <span class='ocrx_word' id='word_1_236' title='bbox 716 3008 859 3067; x_wconf 90' lang='lat' dir='ltr'><strong>rationem</strong></span> <span class='ocrx_word' id='word_1_237' title='bbox 888 3016 919 3066; x_wconf 93' lang='lat' dir='ltr'><strong>et</strong></span> <span class='ocrx_word' id='word_1_238' title='bbox 942 3009 1179 3069; x_wconf 90' lang='lat' dir='ltr'><strong>consuetudinem</strong></span> <span class='ocrx_word' id='word_1_239' title='bbox 1202 3017 1368 3087; x_wconf 83' lang='lat' dir='ltr'><strong>pectorum,</strong></span> 
     </span>
     <span class='ocr_line' id='line_1_28' title="bbox 228 3111 1368 3193; baseline 0 -20"><span class='ocrx_word' id='word_1_240' title='bbox 228 3119 261 3172; x_wconf 91' lang='lat' dir='ltr'><strong>ut</strong></span> <span class='ocrx_word' id='word_1_241' title='bbox 283 3114 407 3173; x_wconf 85' lang='lat' dir='ltr'><strong>iteretur</strong></span> <span class='ocrx_word' id='word_1_242' title='bbox 427 3111 484 3170; x_wconf 91' lang='lat' dir='ltr'><strong>boc</strong></span> <span class='ocrx_word' id='word_1_243' title='bbox 504 3115 605 3183; x_wconf 84' lang='lat' dir='ltr'><strong>oioitc,</strong></span> <span class='ocrx_word' id='word_1_244' title='bbox 627 3112 798 3191; x_wconf 87' lang='lat' dir='ltr'><strong>postulare,</strong></span> <span class='ocrx_word' id='word_1_245' title='bbox 821 3113 849 3173; x_wconf 93' lang='lat' dir='ltr'><strong>id</strong></span> <span class='ocrx_word' id='word_1_246' title='bbox 871 3113 1011 3193; x_wconf 87' lang='lat' dir='ltr'><strong>exemplis</strong></span> <span class='ocrx_word' id='word_1_247' title='bbox 1033 3133 1050 3173; x_wconf 91' lang='lat' dir='ltr'><strong>e</strong></span> <span class='ocrx_word' id='word_1_248' title='bbox 1072 3113 1236 3173; x_wconf 86' lang='lat' dir='ltr'><strong>Theocrito</strong></span> <span class='ocrx_word' id='word_1_249' title='bbox 1266 3113 1368 3173; x_wconf 88' lang='lat' dir='ltr'><strong>allatis</strong></span> 
     </span>
     <span class='ocr_line' id='line_1_29' title="bbox 227 3216 1367 3296; baseline 0.001 -17"><span class='ocrx_word' id='word_1_250' title='bbox 227 3218 309 3279; x_wconf 88' lang='lat' dir='ltr'><strong>nullo</strong></span> <span class='ocrx_word' id='word_1_251' title='bbox 332 3216 416 3275; x_wconf 92' lang='lat' dir='ltr'><strong>modo</strong></span> <span class='ocrx_word' id='word_1_252' title='bbox 439 3216 556 3296; x_wconf 88' lang='lat' dir='ltr'><strong>probari</strong></span> <span class='ocrx_word' id='word_1_253' title='bbox 578 3216 729 3278; x_wconf 76' lang='lat' dir='ltr'><strong>fateberis.</strong></span> <span class='ocrx_word' id='word_1_254' title='bbox 774 3220 913 3278; x_wconf 88' lang='lat' dir='ltr'><strong>lterotum</strong></span> <span class='ocrx_word' id='word_1_255' title='bbox 938 3220 993 3278; x_wconf 93' lang='lat' dir='ltr'><strong>boc</strong></span> <span class='ocrx_word' id='word_1_256' title='bbox 1015 3223 1098 3278; x_wconf 78' lang='lat' dir='ltr'><strong>civite</strong></span> <span class='ocrx_word' id='word_1_257' title='bbox 1158 3218 1238 3278; x_wconf 89' lang='lat' dir='ltr'><strong>lebre</strong></span> <span class='ocrx_word' id='word_1_258' title='bbox 1261 3237 1367 3280; x_wconf 86' lang='lat' dir='ltr'><strong>conve·</strong></span> 
     </span>
     <span class='ocr_line' id='line_1_30' title="bbox 228 3237 1367 3402; baseline 0.001 -20"><span class='ocrx_word' id='word_1_259' title='bbox 228 3323 305 3382; x_wconf 89' lang='lat' dir='ltr'><strong>niret</strong></span> <span class='ocrx_word' id='word_1_260' title='bbox 326 3322 421 3381; x_wconf 89' lang='lat' dir='ltr'><strong>animo</strong></span> <span class='ocrx_word' id='word_1_261' title='bbox 445 3321 583 3380; x_wconf 90' lang='lat' dir='ltr'><strong>desiderii</strong></span> <span class='ocrx_word' id='word_1_262' title='bbox 605 3322 710 3401; x_wconf 91' lang='lat' dir='ltr'><strong>pleno,</strong></span> <span class='ocrx_word' id='word_1_263' title='bbox 733 3342 833 3402; x_wconf 90' lang='lat' dir='ltr'><strong>parum</strong></span> <span class='ocrx_word' id='word_1_264' title='bbox 857 3325 994 3384; x_wconf 86' lang='lat' dir='ltr'><strong>convenit</strong></span> <span class='ocrx_word' id='word_1_265' title='bbox 1016 3237 1313 3402; x_wconf 50' lang='lat' dir='ltr'><strong>bonicmcspernnti</strong></span> <span class='ocrx_word' id='word_1_266' title='bbox 1335 3332 1367 3383; x_wconf 92' lang='lat' dir='ltr'><strong>ct</strong></span> 
     </span>
     <span class='ocr_line' id='line_1_31' title="bbox 227 3415 1466 3509; baseline 0.002 -22"><span class='ocrx_word' id='word_1_267' title='bbox 227 3427 318 3488; x_wconf 88' lang='lat' dir='ltr'><strong>silvas</strong></span> <span class='ocrx_word' id='word_1_268' title='bbox 341 3447 373 3488; x_wconf 90' lang='lat' dir='ltr'><strong>se</strong></span> <span class='ocrx_word' id='word_1_269' title='bbox 396 3446 453 3486; x_wconf 86' lang='lat' dir='ltr'><strong>uon</strong></span> <span class='ocrx_word' id='word_1_270' title='bbox 476 3427 599 3506; x_wconf 91' lang='lat' dir='ltr'><strong>amplius</strong></span> <span class='ocrx_word' id='word_1_271' title='bbox 623 3448 726 3488; x_wconf 88' lang='lat' dir='ltr'><strong>curare</strong></span> <span class='ocrx_word' id='word_1_272' title='bbox 749 3429 866 3490; x_wconf 90' lang='lat' dir='ltr'><strong>dicenti.</strong></span> <span class='ocrx_word' id='word_1_273' title='bbox 923 3429 1059 3490; x_wconf 81' lang='lat' dir='ltr'><strong>Ceterum</strong></span> <span class='ocrx_word' id='word_1_274' title='bbox 1081 3430 1159 3509; x_wconf 92' lang='lat' dir='ltr'><strong>quod</strong></span> <span class='ocrx_word' id='word_1_275' title='bbox 1182 3430 1367 3490; x_wconf 82' lang='lat' dir='ltr'><strong>Hermannus</strong></span> <span class='ocrx_word' id='word_1_276' title='bbox 1465 3415 1466 3430; x_wconf 62' lang='lat'><strong>,</strong></span> 
     </span>
     <span class='ocr_line' id='line_1_32' title="bbox 228 3533 940 3615; baseline 0 -23"><span class='ocrx_word' id='word_1_277' title='bbox 228 3534 297 3594; x_wconf 88' lang='lat' dir='ltr'><strong>talis</strong></span> <span class='ocrx_word' id='word_1_278' title='bbox 320 3533 485 3593; x_wconf 89' lang='lat' dir='ltr'><strong>sententiae</strong></span> <span class='ocrx_word' id='word_1_279' title='bbox 507 3552 621 3594; x_wconf 81' lang='lat' dir='ltr'><strong>versum</strong></span> <span class='ocrx_word' id='word_1_280' title='bbox 646 3535 758 3615; x_wconf 88' lang='lat' dir='ltr'><strong>perisse</strong></span> <span class='ocrx_word' id='word_1_281' title='bbox 781 3536 940 3608; x_wconf 85' lang='lat' dir='ltr'><strong>existimat,</strong></span> 
     </span>
     <span class='ocr_line' id='line_1_33' title="bbox 355 3634 1191 3720; baseline 0.005 -26"><span class='ocrx_word' id='word_1_282' title='bbox 355 3637 482 3709; x_wconf 68' lang='lat' dir='ltr'><strong>„virita</strong></span> <span class='ocrx_word' id='word_1_283' title='bbox 506 3638 670 3699; x_wconf 84' lang='lat' dir='ltr'><strong>Maenaliae</strong></span> <span class='ocrx_word' id='word_1_284' title='bbox 693 3640 838 3720; x_wconf 89' lang='lat' dir='ltr'><strong>quondam</strong></span> <span class='ocrx_word' id='word_1_285' title='bbox 861 3659 924 3700; x_wconf 88' lang='lat' dir='ltr'><strong>mea</strong></span> <span class='ocrx_word' id='word_1_286' title='bbox 946 3657 1055 3720; x_wconf 88' lang='lat' dir='ltr'><strong>pascua</strong></span> <span class='ocrx_word' id='word_1_287' title='bbox 1078 3634 1191 3700; x_wconf 83' lang='lat' dir='ltr'><strong>vallcs”</strong></span> 
     </span>
    </p>

    <p class='ocr_par' dir='ltr' id='par_1_3' title="bbox 226 3741 1366 3944">
     <span class='ocr_line' id='line_1_34' title="bbox 228 3741 1366 3825; baseline 0.003 -25"><span class='ocrx_word' id='word_1_288' title='bbox 228 3741 255 3800; x_wconf 92' lang='lat' dir='ltr'><strong>id</strong></span> <span class='ocrx_word' id='word_1_289' title='bbox 279 3761 333 3801; x_wconf 88' lang='lat' dir='ltr'><strong>nec</strong></span> <span class='ocrx_word' id='word_1_290' title='bbox 361 3741 521 3801; x_wconf 90' lang='lat' dir='ltr'><strong>concordat</strong></span> <span class='ocrx_word' id='word_1_291' title='bbox 554 3761 617 3801; x_wconf 88' lang='lat' dir='ltr'><strong>cum</strong></span> <span class='ocrx_word' id='word_1_292' title='bbox 652 3764 741 3804; x_wconf 89' lang='lat' dir='ltr'><strong>sensu</strong></span> <span class='ocrx_word' id='word_1_293' title='bbox 770 3745 854 3804; x_wconf 87' lang='lat' dir='ltr'><strong>buius</strong></span> <span class='ocrx_word' id='word_1_294' title='bbox 877 3743 1023 3825; x_wconf 87' lang='lat' dir='ltr'><strong>pastoris,</strong></span> <span class='ocrx_word' id='word_1_295' title='bbox 1054 3762 1107 3802; x_wconf 89' lang='lat' dir='ltr'><strong>nec</strong></span> <span class='ocrx_word' id='word_1_296' title='bbox 1136 3742 1228 3803; x_wconf 85' lang='lat' dir='ltr'><strong>valles</strong></span> <span class='ocrx_word' id='word_1_297' title='bbox 1255 3762 1366 3822; x_wconf 87' lang='lat' dir='ltr'><strong>pascua</strong></span> 
     </span>
     <span class='ocr_line' id='line_1_35' title="bbox 226 3845 1364 3944; baseline 0 -38"><span class='ocrx_word' id='word_1_298' title='bbox 226 3847 362 3906; x_wconf 90' lang='lat' dir='ltr'><strong>dicuntur</strong></span> <span class='ocrx_word' id='word_1_299' title='bbox 383 3864 401 3905; x_wconf 89' lang='lat' dir='ltr'><strong>a</strong></span> <span class='ocrx_word' id='word_1_300' title='bbox 423 3845 565 3928; x_wconf 75' lang='lat' dir='ltr'><strong>Vergilio.</strong></span> <span class='ocrx_word' id='word_1_301' title='bbox 594 3880 635 3894; x_wconf 87' lang='lat'><strong>·-</strong></span> <span class='ocrx_word' id='word_1_302' title='bbox 681 3847 800 3908; x_wconf 85' lang='lat' dir='ltr'><strong>Versum</strong></span> <span class='ocrx_word' id='word_1_303' title='bbox 834 3850 893 3908; x_wconf 82' lang='lat'><strong>108</strong></span> <span class='ocrx_word' id='word_1_304' title='bbox 924 3847 1236 3906; x_wconf 83' lang='lat' dir='ltr'><strong>auctorellermanno</strong></span> <span class='ocrx_word' id='word_1_305' title='bbox 1268 3848 1364 3944; x_wconf 76' lang='lat' dir='ltr'><strong>llaup·</strong></span> 
     </span>
    </p>
   </div>
   <div class='ocr_carea' id='block_1_3' title="bbox 227 3951 1464 4032">
    <p class='ocr_par' dir='ltr' id='par_1_4' title="bbox 227 3951 1464 4032">
     <span class='ocr_line' id='line_1_36' title="bbox 227 3951 1464 4032; baseline 0.002 -23"><span class='ocrx_word' id='word_1_306' title='bbox 227 3951 285 4022; x_wconf 86' lang='lat' dir='ltr'><strong>tius</strong></span> <span class='ocrx_word' id='word_1_307' title='bbox 308 3951 392 4032; x_wconf 92' lang='lat' dir='ltr'><strong>ponit</strong></span> <span class='ocrx_word' id='word_1_308' title='bbox 413 3958 481 4010; x_wconf 90' lang='lat' dir='ltr'><strong>ante</strong></span> <span class='ocrx_word' id='word_1_309' title='bbox 503 3973 547 4011; x_wconf 86' lang='grc' dir='ltr'><strong>ιι.</strong></span> <span class='ocrx_word' id='word_1_310' title='bbox 574 3955 644 4012; x_wconf 84' lang='lat'><strong>107.</strong></span> <span class='ocrx_word' id='word_1_311' title='bbox 691 3954 862 4025; x_wconf 79' lang='lat' dir='ltr'><strong>„Absurde,</strong></span> <span class='ocrx_word' id='word_1_312' title='bbox 890 3954 1146 4023; x_wconf 74' lang='lat' dir='ltr'><strong>ait’llermaunos,</strong></span> <span class='ocrx_word' id='word_1_313' title='bbox 1170 3953 1284 4031; x_wconf 88' lang='lat' dir='ltr'><strong>quaerit</strong></span> <span class='ocrx_word' id='word_1_314' title='bbox 1306 3973 1364 4012; x_wconf 89' lang='lat' dir='ltr'><strong>mu·</strong></span> <span class='ocrx_word' id='word_1_315' title='bbox 1463 3979 1464 3982; x_wconf 41' lang='lat'>¹</span> 
     </span>
    </p>
   </div>
   <div class='ocr_carea' id='block_1_4' title="bbox 227 4055 1463 4454">
    <p class='ocr_par' dir='ltr' id='par_1_5' title="bbox 227 4055 1463 4454">
     <span class='ocr_line' id='line_1_37' title="bbox 227 4055 1463 4134; baseline 0.006 -21"><span class='ocrx_word' id='word_1_316' title='bbox 227 4055 282 4115; x_wconf 92' lang='lat' dir='ltr'><strong>lier</strong></span> <span class='ocrx_word' id='word_1_317' title='bbox 303 4059 454 4128; x_wconf 77' lang='lat' dir='ltr'><strong>credimus,</strong></span> <span class='ocrx_word' id='word_1_318' title='bbox 477 4074 515 4114; x_wconf 87' lang='lat' dir='ltr'><strong>on</strong></span> <span class='ocrx_word' id='word_1_319' title='bbox 538 4061 585 4132; x_wconf 82' lang='lat' dir='ltr'><strong>qut</strong></span> <span class='ocrx_word' id='word_1_320' title='bbox 608 4068 719 4134; x_wconf 86' lang='lat' dir='ltr'><strong>omont,</strong></span> <span class='ocrx_word' id='word_1_321' title='bbox 752 4063 807 4134; x_wconf 72' lang='lat' dir='ltr'><strong>ipss·</strong></span> <span class='ocrx_word' id='word_1_322' title='bbox 833 4060 886 4117; x_wconf 79' lang='lat' dir='ltr'><strong>sibi</strong></span> <span class='ocrx_word' id='word_1_323' title='bbox 913 4061 1021 4117; x_wconf 78' lang='lat' dir='ltr'><strong>somnio</strong></span> <span class='ocrx_word' id='word_1_324' title='bbox 1048 4060 1177 4134; x_wconf 64' lang='lat' dir='ltr'><strong>nonunt?</strong></span> <span class='ocrx_word' id='word_1_325' title='bbox 1207 4058 1262 4117; x_wconf 89' lang='lat' dir='ltr'><strong>iam</strong></span> <span class='ocrx_word' id='word_1_326' title='bbox 1289 4059 1364 4118; x_wconf 90' lang='lat' dir='ltr'><strong>euim</strong></span> <span class='ocrx_word' id='word_1_327' title='bbox 1462 4086 1463 4120; x_wconf 71' lang='lat' dir='ltr'>i</span> 
     </span>
     <span class='ocr_line' id='line_1_38' title="bbox 227 4139 1365 4241; baseline 0.004 -23"><span class='ocrx_word' id='word_1_328' title='bbox 227 4161 320 4219; x_wconf 87' lang='lat' dir='ltr'><strong>omnis</strong></span> <span class='ocrx_word' id='word_1_329' title='bbox 342 4159 484 4220; x_wconf 87' lang='lat' dir='ltr'><strong>dubitatio</strong></span> <span class='ocrx_word' id='word_1_330' title='bbox 509 4169 645 4240; x_wconf 87' lang='lat' dir='ltr'><strong>exempta</strong></span> <span class='ocrx_word' id='word_1_331' title='bbox 667 4169 714 4220; x_wconf 90' lang='lat' dir='ltr'><strong>est</strong></span> <span class='ocrx_word' id='word_1_332' title='bbox 736 4162 846 4223; x_wconf 89' lang='lat' dir='ltr'><strong>latratu</strong></span> <span class='ocrx_word' id='word_1_333' title='bbox 869 4163 960 4223; x_wconf 85' lang='lat' dir='ltr'><strong>canis.</strong></span> <span class='ocrx_word' id='word_1_334' title='bbox 1005 4139 1191 4240; x_wconf 80' lang='lat' dir='ltr'><strong>Omninoque</strong></span> <span class='ocrx_word' id='word_1_335' title='bbox 1207 4163 1254 4241; x_wconf 90' lang='lat' dir='ltr'><strong>qui</strong></span> <span class='ocrx_word' id='word_1_336' title='bbox 1278 4161 1365 4222; x_wconf 87' lang='lat' dir='ltr'><strong>tinem</strong></span> 
     </span>
     <span class='ocr_line' id='line_1_39' title="bbox 229 4249 1463 4348; baseline 0.003 -26"><span class='ocrx_word' id='word_1_337' title='bbox 229 4264 335 4346; x_wconf 86' lang='lat' dir='ltr'><strong>prioris</strong></span> <span class='ocrx_word' id='word_1_338' title='bbox 358 4267 493 4325; x_wconf 82' lang='lat' dir='ltr'><strong>carminis</strong></span> <span class='ocrx_word' id='word_1_339' title='bbox 516 4269 747 4345; x_wconf 81' lang='lat' dir='ltr'><strong>comparaverit,</strong></span> <span class='ocrx_word' id='word_1_340' title='bbox 770 4290 812 4329; x_wconf 85' lang='grc' dir='ltr'><strong>ιι.</strong></span> <span class='ocrx_word' id='word_1_341' title='bbox 828 4269 870 4328; x_wconf 77' lang='lat'><strong>59</strong></span> <span class='ocrx_word' id='word_1_342' title='bbox 885 4288 945 4348; x_wconf 91' lang='lat' dir='ltr'><strong>sq.,</strong></span> <span class='ocrx_word' id='word_1_343' title='bbox 967 4267 1074 4330; x_wconf 86' lang='lat' dir='ltr'><strong>videbit</strong></span> <span class='ocrx_word' id='word_1_344' title='bbox 1097 4268 1263 4326; x_wconf 85' lang='lat' dir='ltr'><strong>necessario</strong></span> <span class='ocrx_word' id='word_1_345' title='bbox 1286 4265 1363 4327; x_wconf 86' lang='lat' dir='ltr'><strong>liniri</strong></span> <span class='ocrx_word' id='word_1_346' title='bbox 1462 4249 1463 4295; x_wconf 60' lang='lat'><em>³</em></span> 
     </span>
     <span class='ocr_line' id='line_1_40' title="bbox 229 4367 1364 4454; baseline 0.004 -27"><span class='ocrx_word' id='word_1_347' title='bbox 229 4367 351 4428; x_wconf 89' lang='lat' dir='ltr'><strong>alterum</strong></span> <span class='ocrx_word' id='word_1_348' title='bbox 375 4389 490 4430; x_wconf 89' lang='lat' dir='ltr'><strong>carmen</strong></span> <span class='ocrx_word' id='word_1_349' title='bbox 513 4391 600 4435; x_wconf 86' lang='lat' dir='ltr'><strong>versu</strong></span> <span class='ocrx_word' id='word_1_350' title='bbox 626 4373 717 4433; x_wconf 87' lang='lat'><strong>107.”</strong></span> <span class='ocrx_word' id='word_1_351' title='bbox 761 4375 828 4454; x_wconf 72' lang='lat' dir='ltr'><strong>Ego</strong></span> <span class='ocrx_word' id='word_1_352' title='bbox 850 4391 920 4434; x_wconf 82' lang='lat' dir='ltr'><strong>vcro</strong></span> <span class='ocrx_word' id='word_1_353' title='bbox 946 4383 1067 4452; x_wconf 90' lang='lat' dir='ltr'><strong>propter</strong></span> <span class='ocrx_word' id='word_1_354' title='bbox 1089 4372 1204 4431; x_wconf 87' lang='lat' dir='ltr'><strong>casdem</strong></span> <span class='ocrx_word' id='word_1_355' title='bbox 1220 4371 1284 4432; x_wconf 86' lang='lat' dir='ltr'><strong>fere</strong></span> <span class='ocrx_word' id='word_1_356' title='bbox 1299 4391 1364 4433; x_wconf 89' lang='lat' dir='ltr'><strong>can·</strong></span> 
     </span>
    </p>
   </div>
   <div class='ocr_carea' id='block_1_5' title="bbox 0 0 1474 4894">
    <p class='ocr_par' dir='ltr' id='par_1_6' title="bbox 0 0 1474 4894">
     <span class='ocr_line' id='line_1_41' title="bbox 0 0 1474 4894; baseline 0 1"><span class='ocrx_word' id='word_1_357' title='bbox 0 0 1474 4894; x_wconf 95' lang='lat' dir='ltr'><strong> </strong></span> 
     </span>
    </p>
   </div>
  </div>
 </body>
</html>
