2960 4898
539 208 683 260 Lectiones
702 205 884 276 Vergilianas.
1038 187 1044 192 .
1238 208 1279 268 55

131 360 302 422 consimilia
332 361 405 420 laec
433 361 493 420 siut
514 362 657 418 Diomedis
686 379 769 436 equos
794 403 802 418 .
825 404 832 418 .
856 403 863 420 .
893 379 1008 420 currum
1039 363 1152 434 Aelilli,
1184 361 1278 422 leuius

130 465 208 524 illud
230 484 284 524 aer
306 465 445 526 cantauit
467 464 520 524 tali
542 464 680 524 arationi.

221 570 294 628 Aea.
321 566 455 640 tutat
479 571 595 630 et817
637 645 643 656 .

129 678 238 732 transit
268 673 458 753 Ladawigius
488 681 518 732 et
547 671 692 752 llauptius
721 672 902 750 seripserunt
927 690 964 730 ex
997 681 1152 753 praecepta
1184 674 1275 734 Lash-

130 778 230 838 marui
252 798 306 857 pru
328 781 449 852 uenite,
471 777 507 836 de
529 796 587 856 qua
610 776 756 856 disputavi
777 776 813 834 ad
836 777 908 835 Asa.
933 779 962 846 2,
986 778 1059 837 497.

221 883 294 941 Aen.
322 885 372 953 11,
396 883 447 942 95.
491 883 616 940 Substitit
636 881 746 938 Aeneas
767 881 1012 956 pentaptotam
1034 880 1144 940 addidit
1164 883 1230 940 auo.

128 988 224 1046 edidit
243 985 434 1065 Ladewigius
456 993 488 1044 et
508 985 672 1064 llauptius3
695 1005 755 1065 ego
777 986 895 1054 addidit,
918 990 952 1042 ut
973 985 1097 1063 priorem
1121 984 1275 1044 lectionem

128 1088 267 1160 Medicei,
290 1089 416 1159 servavi,
439 1107 493 1146 nea
516 1107 591 1147 uuna
613 1088 718 1158 labeo,
740 1106 832 1167 quare
853 1086 991 1147 reiielam.
1036 1088 1069 1147 Si
1091 1089 1156 1168 quis
1178 1097 1275 1148 autem

128 1191 277 1250 rationem
300 1211 319 1250 a
341 1211 385 1250 me
407 1192 436 1250 iu
461 1191 543 1251 Varr.
566 1193 663 1252 Leatt.
688 1193 862 1262 iudicatam,
883 1190 1034 1270 probatam
1056 1190 1194 1263 Durata,
1226 1211 1274 1252 va·

130 1298 196 1356 lere
219 1317 277 1356 uon
301 1297 438 1375 patietur,
462 1305 494 1356 at
517 1297 626 1376 poterit
648 1298 704 1356 hue
718 1299 831 1354 addidit
849 1296 887 1356 ad
909 1302 1009 1356 uetera
1030 1295 1065 1354 ab
1087 1295 1188 1356 Aenea
1208 1295 1275 1355 iude

128 1422 148 1462 a
174 1422 219 1462 vs.
242 1402 283 1460 59
318 1409 386 1460 acta
414 1399 536 1473 referri3
568 1420 643 1481 ergo
670 1409 826 1481 postquam
859 1399 912 1458 illa
940 1397 1013 1458 feeit
1042 1407 1273 1479 prosecutusque

129 1513 181 1564 est
203 1502 293 1563 funus
315 1504 472 1575 Pallantis,
495 1505 567 1564 lraea
589 1504 748 1564 addidit.

221 1609 293 1668 Aen.
320 1612 369 1679 ll,
396 1611 466 1667 140.
496 1611 583 1666 Fama
606 1653 613 1667 .
639 1653 645 1666 .
669 1653 676 1666 .
700 1611 796 1668 domm
815 1621 844 1668 et
863 1613 974 1668 maesia
995 1608 1100 1688 replet.

128 1715 251 1786 complet
271 1710 462 1791 Ladewigius
483 1711 643 1784 revocavit,
666 1713 776 1783 nescia,
799 1731 856 1792 qua
878 1712 914 1772 da
936 1731 1044 1786 eausa;
1068 1713 1171 1786 replet,
1193 1713 1271 1791 quud

128 1819 222 1878 etiam
243 1817 389 1896 lleuptius
411 1815 539 1887 exhibet,
561 1817 678 1895 patiore
699 1817 829 1877 codicum
852 1817 1031 1877 auctoritate
1051 1815 1194 1876 firmatur.

221 1923 293 1982 Aer.
320 1926 369 1993 ll,
396 1924 467 1982 151.
511 1924 683 1982 litaturis
704 1925 814 1980 uadem
837 1923 901 1984 voci
923 1925 1022 1980 lamecu
1043 1925 1141 1982 dolore
1160 1932 1210 1983 est.

128 2031 210 2086 racis
232 2027 322 2086 edidit
336 2025 537 2106 Ladewigius,
558 2028 621 2084 soei
634 2045 745 2085 mecum
759 2026 911 2104 amplexus
926 2035 973 2086 est
982 2027 1138 2106 llauptius.
1182 2026 1271 2085 Certe

129 2133 162 2190 id
184 2132 263 2211 quad
286 2138 376 2211 poeta
397 2151 455 2190 nou
478 2131 575 2210 patuit
597 2151 655 2190 nan
677 2130 803 2202 sentire,
834 2130 891 2210 ipsi
921 2131 965 2190 rei
987 2131 1077 2190 multo
1099 2129 1271 2192 auuvauieu·
1356 2141 1362 2146 ’

131 2237 194 2294 tius
218 2245 264 2295 est
285 2239 365 2308 aoei3
398 2253 467 2314 prae
496 2233 600 2294 doloro
621 2235 671 2296 vix
693 2234 845 2314 patefacta
863 2243 910 2296 est
931 2236 979 2297 via
999 2235 1065 2297 soei
1088 2234 1125 2294 ad
1147 2253 1272 2316 pronun·
1304 2305 1307 2312 Ι

133 2340 237 2400 tiauda
259 2340 382 2412 scilicet,
406 2359 480 2418 quae
504 2339 555 2398 ille
577 2339 658 2419 loqui
681 2341 807 2400 volebat.

223 2443 295 2502 Aen.
314 2446 361 2513 tl,
380 2441 451 2504 168.
485 2443 565 2514 (laod
584 2446 610 2501 si
630 2446 773 2502 immatura
795 2443 926 2502 manebat

478 2548 554 2604 llors
574 2557 699 2622 paulum,
721 2552 811 2606 eaesis
838 2550 1001 2608 Volscorum
1024 2547 1134 2605 militur
1153 2557 1221 2606 uate

479 2651 630 2710 Moenum
655 2656 687 2710 ia
708 2654 817 2710 Latium
841 2655 960 2712 Teucros
984 2655 1118 2710 cecidisse
1145 2651 1271 2713 iuvaret.

130 2753 242 2812 iuvabit
262 2752 451 2833 Ladewigius
474 2755 673 2834 atqua.atiam
697 2756 850 2836 Hauptius.
894 2757 962 2836 Ego
990 2775 1030 2814 ex
1051 2754 1168 2834 optimis
1189 2755 1270 2816 libris

131 2855 283 2926 Mediaeu,
305 2856 459 2929 Romano,
488 2859 673 2918 restituerem
696 2862 819 2931 iuvaret,
847 2866 936 2939 atque
958 2859 987 2919 iu
1011 2859 1093 2918 Varr.
1114 2860 1213 2920 Loatt.
1236 2879 1272 2920 ea

132 2959 259 3038 scripsi,
288 2978 363 3038 quae
391 2959 429 3019 ad
457 2961 633 3038 probandam
657 2982 720 3022 eam
743 2963 897 3023 lectione·
919 2963 1019 3024 valere
1041 2963 1134 3022 adhuc
1157 2964 1270 3042 upiuur,

132 3064 260 3146 probata
280 3064 367 3123 etiam
389 3064 533 3125 Carula
557 3067 690 3143 Thiel,
712 3087 863 3148 quemsuu
886 3067 948 3126 iure
969 3067 1084 3146 plurimi
1105 3065 1194 3126 facio.
1238 3069 1271 3126 lu

133 3169 231 3229 altera
246 3167 373 3226 lectione
395 3188 453 3228 uun
476 3171 720 3249 reprehenderim,
742 3173 846 3252 siquis
864 3171 987 3230 Volscus
1008 3190 1062 3249 pra
1079 3170 1198 3231 Rutulis
1213 3171 1270 3230 dia·

132 3281 184 3332 tos·
207 3271 342 3352 accipiat,
365 3291 422 3350 qua
445 3272 620 3335 confusione
641 3275 758 3336 liberari
781 3284 870 3354 pasta
893 3295 929 3334 ue
958 3274 1024 3334 aliis
1053 3274 1168 3355 quidem
1196 3275 1271 3335 lueis

132 3383 250 3458 potest3
271 3375 324 3436 sad
345 3375 398 3435 illa
420 3377 487 3437 mihi
509 3379 625 3439 videtur
647 3381 734 3440 nimia
755 3400 791 3440 aa
814 3381 894 3441 nullo
918 3380 1002 3438 moda
1025 3377 1148 3441 feranda
1168 3369 1270 3457 hyper·

132 3481 220 3552 bala,
253 3480 279 3539 sl
300 3480 437 3540 Euander
457 3483 623 3544 Pallantem
646 3485 796 3545 admodum
819 3485 898 3546 brevi
921 3481 1050 3570 ἀριστείᾳ
1071 3502 1154 3542 usum
1176 3484 1271 3543 caesia

136 3586 309 3646 Volscorum
332 3584 479 3646 milibus
510 3588 651 3649 cecidisse
678 3597 788 3668 sperat.
834 3589 946 3648 Contra
967 3588 993 3647 si
1014 3587 1123 3648 diutius
1144 3593 1270 3646 tractum

135 3700 216 3754 esset
239 3692 344 3751 bellum
365 3690 569 3770 Pallantisqua
594 3712 684 3771 opera
705 3714 764 3752 uon
785 3699 971 3773 praematura
993 3699 1087 3752 marte
1107 3691 1272 3773 interrupta

134 3806 233 3868 esset,
262 3796 408 3876 potuisset
434 3795 572 3856 maiorem
598 3803 730 3877 stragem
752 3798 839 3857 edere
860 3815 998 3875 eamque,
1025 3796 1055 3854 ir
1078 3815 1163 3875 quam
1183 3795 1272 3857 verba

135 3905 188 3964 illa
220 3902 322 3962 melius
352 3901 499 3960 caderent.
553 3901 592 3961 At
621 3901 729 3962 dixerit
757 3901 863 3981 aliquis
898 3900 976 3961 milia
1008 3901 1179 3961 Volscorum
1215 3901 1272 3961 diei

136 4007 297 4068 exercitum
322 4005 494 4064 Volscorum
516 4025 639 4086 eumque
654 4025 771 4067 caesum
793 4025 869 4078 essa,
891 4006 911 4064 i.
934 4024 961 4064 e.
985 4006 1092 4065 multos
1115 4025 1152 4064 ex
1175 4024 1210 4064 aa
1226 4024 1270 4064 ue·

136 4112 254 4172 cidisse.
297 4110 329 4168 ld
351 4109 377 4170 si
399 4109 496 4169 dicere
517 4111 663 4172 valuisset
683 4116 783 4190 poeta,
805 4116 888 4170 certe
908 4108 1030 4169 debebat
1050 4107 1269 4188 ambiguitatem

137 4220 242 4280 vitare.

224 4322 296 4381 Aea.
321 4323 371 4392 ll,
395 4321 468 4382 356.
509 4340 609 4395 pacem
630 4323 704 4379 tear
725 4328 841 4378 aeterua
860 4317 975 4390 foedere
995 4316 1111 4396 iungas.
