2940 4894
491 241 636 294 Lectiones
653 239 837 310 vssgttiscre.
1197 241 1238 302 65

87 390 249 478 ,,ριιιιιιίι,
271 409 349 472 quee
369 390 399 450 in
421 391 595 471 stipendium
617 412 680 453 suo
705 411 843 473 quoqne
864 411 958 452 enno
983 389 1167 470 penderetur,
1187 391 1234 453 de·

85 495 196 568 eret’'3
230 494 277 554 ubi
304 495 330 554 si
351 495 453 555 Livius
480 495 648 575 scripsisset
670 515 769 576 „quee
790 516 845 556 suo
869 515 1030 575 quaeque
1057 515 1134 554 enno
1165 514 1232 574 peo-

85 600 242 671 deretur”,
273 599 372 660 neseio
401 619 438 659 ιιι
464 599 684 681 significaretur
712 602 881 663 universe
901 600 1023 680 pecunia
1044 600 1073 658 in
1095 599 1234 660 tributum

85 705 261 786 postulata,
294 705 346 764 sed
368 705 494 786 singuiis
516 706 702 785 pensionibus
723 707 880 778 solvenda3
913 723 988 786 quae
1016 725 1073 764 non
1094 705 1152 764 iem
1174 713 1234 763 tum

84 809 188 868 omnis
210 815 315 888 parsta
336 827 402 868 esse
425 817 560 886 poterst3
595 829 671 870 nunc
693 829 755 869 cum
786 827 845 868 sao
871 827 1007 884 quoque
1027 827 1125 868 osso
1147 809 1183 881 (i.
1207 827 1234 868 e.

78 917 169 985 jedes
190 916 314 972 ιιιιιὶιι
329 915 412 989 joir)
436 914 606 993 scripserit,
630 915 757 975 indicere
780 914 848 974 mihi
869 913 1002 984 videtur,
1033 914 1062 972 id
1084 913 1161 992 quod
1182 932 1231 974 res

86 1017 160 1097 ipse
182 1017 295 1099 exigit,
317 1018 347 1078 in
370 1036 434 1078 eum
457 1037 572 1090 ennum,
595 1039 653 1099 quo
676 1020 881 1100 msgistratum
910 1017 975 1077 iniit
996 1017 1157 1089 Hannibal,
1186 1017 1233 1076 de·

87 1121 189 1184 fnisse
207 1123 368 1203 pecuniam.
413 1123 537 1184 Sueten.
553 1124 631 1204 Aug.
648 1127 689 1184 do
705 1143 764 1197 „ne
779 1123 861 1205 plebs
874 1122 1133 1182 frumentationum
1145 1135 1234 1182 oense

88 1226 280 1308 frequentius
300 1248 320 1288 e
341 1231 472 1308 negotiis
495 1237 687 1301 avocaretur,
715 1237 761 1288 ter
781 1228 811 1288 in
834 1247 938 1288 ennom
961 1227 1133 1307 quaterndm
1157 1247 1232 1286 meu.-

90 1335 167 1392 sium
191 1340 320 1394 tesseres
347 1334 417 1395 dere
445 1335 604 1395 destinavit
625 1335 794 1416 Augustum
825 1333 878 1394 sed
906 1333 1085 1393 desiderenti
1113 1352 1234 1394 cousue-

92 1437 223 1498 tudinem
254 1445 382 1498 veterem
412 1438 559 1499 concessit
580 1457 704 1510 rursus,
740 1444 775 1496 ut
808 1437 867 1497 sni
897 1437 1069 1516 cuiusque
1103 1438 1234 1496 mensis
1334 1503 1339 1513 s

92 1544 264 1624 occiperet”
287 1553 429 1604 tessersm
451 1541 581 1618 scilicet;
610 1563 665 1603 nos
694 1543 821 1604 dicemus
843 1543 897 1600 ode
925 1544 984 1599 mot
1000 1546 1051 1615 fur
1071 1543 1158 1613 jedes
1187 1543 1235 1600 ds-

90 1651 219 1712 sosrdm
239 1660 346 1708 ιιοιιιι.
400 1651 446 1710 Ex
468 1648 666 1709 teb.iderec1.
689 1650 746 1708 ho'c
767 1647 856 1708 effert
877 1646 1044 1729 Madvigius
1066 1666 1162 1725 „quae
1184 1648 1234 1707 sti·

91 1753 201 1834 pendia
223 1754 252 1812 in
275 1753 382 1814 caruis
404 1755 471 1816 inve
493 1755 644 1835 provincia
665 1755 723 1813 sui
746 1753 920 1831 cuiusque
942 1752 1023 1810 enni
1043 1749 1180 1810 fecerit”.

183 1858 233 1938 lb)
256 1860 281 1918 A
304 1867 386 1920 certo
409 1867 541 1939 tempore
563 1859 728 1918 translatus
750 1865 797 1916 est
819 1857 865 1917 iric
894 1876 965 1916 usus
993 1856 1029 1916 ad
1052 1863 1162 1916 eertum
1184 1855 1233 1916 io·

90 1984 182 2024 cunr.
228 1964 321 2024 Varro
343 1965 379 2023 R.
401 1965 437 2024 R.
465 1969 492 2036 1,
516 1967 567 2036 22,
590 1965 610 2024 6
635 1963 879 2035 „instrumentum
902 1968 934 2020 et
954 1961 1164 2040 supellectilem
1187 1978 1233 2020 ru·

92 2069 198 2129 sticaer
222 2075 342 2149 oportet
364 2069 470 2130 habere
493 2068 631 2148 scriptum
654 2069 683 2127 in
705 2067 777 2126 urbe
798 2075 829 2126 et
850 2085 919 2124 rure
941 2065 1097 2138 dominum,
1119 2065 1234 2126 vilicum

91 2182 201 2236 centn
227 2193 264 2234 ea
293 2175 354 2234 ruri
382 2175 478 2234 omnis
500 2181 582 2235 certo
613 2194 680 2235 suo
712 2192 864 2254 quoque
890 2171 972 2231 loco
1003 2170 1039 2229 ad
1070 2170 1165 2231 sillem
1189 2191 1233 2232 se·

91 2278 224 2360 posite”.
278 2278 338 2338 Cic.
369 2278 406 2338 de
432 2279 500 2339 Nat.
523 2281 559 2340 1).
584 2281 615 2352 8,
637 2283 678 2341 etr
702 2279 851 2352 „Eundem
883 2275 984 2336 ferunt
1015 2275 1159 2349 edixisse,
1191 2285 1235 2350 ut,

90 2388 171 2468 qnod
195 2387 318 2466 quisque
340 2407 378 2446 ex
405 2388 498 2448 sacris
520 2388 657 2460 heberet,
692 2388 721 2446 id
748 2394 817 2447 ente
844 2385 917 2446 diem
940 2391 1049 2444 certem
1080 2383 1109 2442 in
1139 2403 1232 2445 suum

90 2493 260 2572 quodque
289 2490 406 2552 fenum
436 2491 594 2552 referret”.
648 2492 758 2551 Eodem
787 2488 967 2560 rettulerim,
998 2506 1072 2567 quae
1094 2487 1236 2568 leguntur

91 2601 168 2681 apud
192 2600 321 2660 iuvenai.
345 2602 375 2671 7,
399 2601 463 2659 213
486 2597 615 2672 „Rufum
638 2606 727 2678 atquc
757 2597 832 2656 eiios
855 2596 952 2654 caedit
973 2613 1036 2654 sue
1059 2614 1234 2675 quosque

90 2703 265 2777 iuventus’';
299 2723 478 2784 quseque‚
500 2704 520 2762 i.
543 2724 570 2764 ι.
593 2723 668 2784 quae
690 2703 766 2783 epud
797 2719 939 2781 quemque
969 2700 1140 2780 magistrum
1163 2701 1234 2761 essi·

92 2809 148 2869 due
171 2815 220 2869 est
238 2809 372 2868 studendi
395 2829 504 2883 eensa3
528 2809 574 2868 hio
597 2809 710 2889 quidem
733 2825 838 2866 sensus
861 2805 1032 2885 simplicior;
1062 2807 1112 2864 sed
1135 2814 1235 2885 potest

92 2914 182 2974 etiam
204 2920 320 2991 tempus
342 2913 489 2994 intelligi,
518 2913 594 2972 hunc
624 2911 805 2971 immodum:
838 2908 947 2969 Rufum
974 2910 1104 2969 nominet
1133 2921 1232 2990 poeta,

92 3036 149 3098 quo
172 3013 324 3096 significet
347 3017 463 3076 omnino
486 3035 554 3089 eos,
589 3017 639 3097 qui
668 3014 736 3074 Rufi
766 3021 867 3075 eetate
889 2989 1065 3074 erudiendae
1087 3014 1232 3074 iuventuti

92 3142 210 3202 operam
239 3119 397 3195 dederunt3
431 3121 512 3180 addit
540 3120 651 3193 elios,
682 3121 731 3200 qui
760 3126 828 3199 post
856 3116 965 3177 Rufum
994 3118 1068 3178 idem
1096 3116 1233 3182 feceruut

89 3229 134 3291 vei
158 3228 189 3286 in
213 3224 504 3306 posterumfsoient3
527 3227 583 3286 hoe
605 3225 631 3286 si
653 3224 770 3306 probes,
792 3228 1051 3300 quosquiuosetos
1077 3231 1133 3294 est,
1156 3243 1232 3303 quee

90 3353 207 3415 quoque
223 3339 354 3412 tempore
373 3332 425 3392 sub
437 3332 498 3392 suis
516 3339 563 3392 est
584 3331 744 3413 megisti-is,
767 3329 826 3389 alie
843 3329 902 3389 elio
925 3334 1057 3407 tempore
1079 3329 1132 3388 sub
1154 3329 1230 3389 aliis.

176 3434 210 3519 2)
233 3437 364 3496 Alterum
386 3456 483 3519 genus
505 3438 636 3497 cernitur
664 3437 693 3496 in
716 3436 858 3497 divisione
881 3433 1006 3515 portium
1035 3453 1145 3513 perse
1166 3452 1229 3514 spe·

89 3550 245 3614 rutarum,
270 3542 347 3622 quod
369 3545 426 3602 non
440 3543 559 3602 muitum
582 3541 681 3602 differt
697 3541 731 3601 ab
745 3541 856 3601 usitato
869 3541 932 3612 ilio,
956 3538 1042 3619 queie
1065 3547 1112 3599 est
1133 3538 1229 3618 „prim

89 3647 170 3729 cipes
194 3646 241 3706 sui
264 3647 371 3726 quique
395 3648 536 3720 ordinis”,
553 3650 638 3722 J'edsr
660 3649 855 3722 ooqesedessts
876 3648 967 3703 seiam
994 3645 1113 3702 stondes.
1168 3644 1229 3703 Te·

89 3773 152 3813 rnen
182 3751 263 3812 eliud
293 3752 440 3832 quidpiam
469 3760 517 3814 est
546 3753 612 3826 „sui
640 3753 780 3832 cuiusque
808 3751 917 3810 ordinis
945 3748 1121 3828 prinoipes”,
1154 3749 1173 3807 i.
1201 3767 1228 3807 e.

89 3861 154 3933 „dic
176 3859 394 3934 nepessteertso
420 3839 496 3918 disses
517 3860 673 3918 descedens
695 3852 830 3929 stoadcs”,
852 3875 909 3932 quo
932 3853 984 3925 fit,
1016 3862 1050 3914 ut
1072 3853 1227 3916 diversites

89 3964 201 4024 ordinis
224 3964 319 4044 magis
342 3969 472 4023 notetur.
517 3965 641 4024 Sueten.
662 3964 741 4043 Aug.
760 3963 801 4022 66
824 3960 961 4040 „Reliqui
984 3959 1117 4039 potentis
1139 3965 1228 4039 etque

89 4068 192 4148 opibus
215 4066 360 4127 adfinem
382 4067 461 4128 vitoe
484 4086 556 4128 suae
578 4068 632 4126 sui
654 4067 827 4146 cuiusque
850 4065 987 4128 ordinis
1009 4064 1154 4144 principes
1176 4061 1229 4124 flo-

90 4171 245 4232 ruerunt.”
289 4172 500 4231 Tacitusdnn.
527 4175 577 4243 11,
601 4173 642 4232 27
672 4170 989 4250 „universeeiegiones
1011 4167 1228 4228 deducebantur

92 4295 155 4336 oum
176 4275 301 4335 tribunis
323 4283 354 4336 et
376 4277 430 4336 sui
453 4277 628 4355 cuiusque
650 4276 787 4335 ordinis
809 4274 979 4335 militibus”.
1024 4273 1179 4332 Caesare.
1194 4273 1228 4332 6.
1267 4273 1268 4278 ’

98 4383 126 4452 1,
148 4383 191 4443 83
213 4381 352 4460 „primem
375 4384 466 4444 eciem
490 4389 650 4465 queternee
679 4381 819 4440 cohortes
856 4397 895 4438 cx
917 4377 943 4435 V
963 4377 1129 4458 legionibus
1150 4386 1229 4439 tene·

944 4496 963 4554 6
