2940 4894
185 227 249 294 110
615 224 890 296 Philipptwagnari

176 387 257 460 qaia,
279 380 360 458 aqud
382 384 539 454 innobans,
561 383 640 440 ἀιιιιιι
663 385 817 455 uunquam,
837 384 911 438 oium
933 383 1084 449 invenient,
1106 383 1160 438 deo
1180 383 1325 453 temnis,

176 490 417 560 concinnatione,
448 489 529 544 torno
557 489 691 560 infector,
722 485 794 546 haec
825 484 883 544 trio
912 491 1044 545 exuema
1064 483 1151 544 etium
1172 484 1259 564 graui
1281 482 1325 542 in·

176 591 380 672 terpuuctione
413 591 491 650 inter
519 609 551 650 se
579 589 731 669 dirempta.
783 590 815 648 ln
846 597 1018 649 extremo
1051 587 1223 646 hexametro
1252 595 1326 646 suut

178 695 397 755 lenissimae
419 695 643 773 rarissimaeque
667 694 824 766 elisiones;
858 693 886 752 in
916 694 961 752 his
991 711 1094 752 rursus
1117 691 1241 752 maxime
1263 691 1326 752 fre·

177 810 368 881 quentontur‚
391 819 466 880 quae
488 798 563 859 fiunt
584 799 613 859 iu
637 799 743 880 copula
762 816 828 873 que,
852 817 906 858 noc
926 798 1015 857 aliter
1036 807 1150 886 tamen,
1181 798 1207 858 si
1229 807 1325 872 recte,

178 914 211 966 ut
233 915 325 986 puto,
348 905 519 978 observavi,
553 904 608 964 nisi
631 904 687 975 ita,
716 910 749 961 ut
771 923 807 962 ea
829 903 935 981 copula
957 900 1110 962 subiuncta
1133 904 1173 963 sit
1195 905 1326 964 nomina·

179 1013 239 1072 tivo
263 1011 385 1090 pluralis
407 1009 517 1089 primae
537 1008 742 1096 declinationis
765 1018 817 1067 aut
839 1009 946 1088 plurali
969 1015 1149 1079 neutrorum,
1172 1016 1205 1068 ut
1228 1012 1326 1068 uaea-

176 1121 269 1192 tiaque
301 1119 393 1192 unda,
424 1118 604 1190 Flauiniaque
633 1156 673 1176 ..
698 1156 705 1172 .
736 1117 923 1189 Saturniaque
952 1156 961 1172 .
985 1156 1023 1175 ..
1055 1115 1212 1189 fataliaque
1240 1134 1326 1188 arna,

180 1223 389 1296 Cerealiaque.
415 1265 421 1278 .
446 1263 453 1278 .
481 1222 668 1294 Volcaniaque
768 1221 915 1292 omniaque
936 1237 1029 1290 arma,
1054 1223 1218 1296 Titaniaque
1232 1232 1325 1294 astra,

179 1329 371 1402 Ephyreiaque
394 1345 483 1396 uera,
505 1326 672 1401 equitesque
695 1333 802 1392 urnae,
825 1326 1045 1398 ensultuatiaque
1066 1325 1170 1396 Ιιαιινιι,
1191 1345 1324 1399 mamn-

179 1437 273 1508 tiaque
294 1434 388 1503 addit,
410 1432 558 1505 additaque
580 1433 663 1500 intus,
686 1432 834 1503 omniaque
856 1432 887 1486 in
908 1447 947 1487 re.
988 1429 1050 1488 Nec
1071 1449 1141 1498 raro
1163 1449 1253 1506 neque
1274 1431 1325 1491 eli·

180 1537 278 1607 ditur,
300 1553 387 1610 neque
410 1537 487 1594 illuni
510 1577 516 1592 .
541 1577 547 1592 .
571 1577 579 1592 .
602 1535 667 1590 illae
689 1575 698 1592 .
721 1574 729 1592 .
754 1574 761 1591 .
783 1534 860 1606 illos,
882 1551 970 1607 neque
991 1536 1045 1606 ipsi
1139 1537 1215 1608 ipso,
1237 1555 1326 1611 neque

179 1661 283 1712 curas,
304 1659 392 1715 neque
414 1659 530 1711 aarum,
553 1657 641 1712 neque
664 1641 755 1712 iqnes,
777 1655 865 1711 neque
887 1639 1003 1708 inatres,
1023 1655 1112 1712 neque
1134 1641 1213 1711 ledi,
1237 1659 1326 1714 neque

178 1749 262 1806 ιιιινα.
293 1745 413 1805 Accedit
434 1743 614 1824 praepositio
639 1746 699 1800 sine
720 1743 791 1816 ullis,
813 1745 874 1800 sine
897 1745 971 1814 ictu3
994 1743 1067 1802 a'dde
1089 1745 1138 1802 udi
1154 1748 1262 1822 inqens,
1285 1748 1326 1807 idi

180 1855 278 1910 omnir.
323 1849 419 1909 Semel
443 1847 614 1909 infinitivum
638 1847 706 1907 elidi
729 1847 846 1910 memini,
864 1851 1015 1906 intremere
1037 1867 1152 1924 omnem,
1176 1872 1252 1933 quae
1275 1855 1325 1914 eli·

181 1956 246 2027 sio,
269 1964 302 2014 ut
324 1955 464 2035 quaedem
488 1953 563 2012 aliae
586 1953 652 2012 aliis
674 1951 790 2010 sedibus
813 1950 923 2022 factae,
947 1953 1084 2012 uiatorem
1106 1955 1163 2016 vim
1184 1959 1325 2019 conciliat

182 2061 318 2122 orationi.
350 2059 512 2120 Praeterea
535 2057 679 2117 notabiles
703 2065 772 2116 sunt
794 2058 933 2118 elisiones
955 2069 1036 2134 atque
1057 2062 1110 2118 too
1132 2065 1228 2122 animo
1241 2067 1325 2124 tauri

183 2169 232 2237 12,
257 2167 316 2236 26,
346 2173 376 2224 et
401 2167 472 2222 iaec
493 2167 590 2222 eadem
613 2168 706 2237 aufert
732 2167 781 2235 10,
804 2167 882 2236 508,
914 2173 1037 2244 utraque
1067 2166 1181 2227 minime
1210 2187 1323 2250 compa·

180 2271 273 2331 randa
294 2289 357 2328 oum
381 2269 593 2351 luodewigiana
623 2269 674 2327 ille
702 2272 800 2343 fuqarn
822 2271 908 2328 idam.
960 2271 1112 2342 Ceterum,
1143 2282 1177 2332 at
1198 2273 1256 2333 hoc
1277 2275 1324 2334 ad·

181 2376 256 2446 dani,
280 2374 308 2432 iu
325 2374 426 2451 quinto
450 2374 522 2454 pede
544 2393 571 2432 nr
594 2373 712 2432 eliditur
735 2374 763 2432 in
786 2373 898 2433 duobus
921 2374 1081 2452 trisyllabis
1107 2377 1209 2436 lliurn
1231 2391 1259 2437 et
1279 2385 1326 2437 in-

179 2498 246 2556 qens
270 2488 300 2538 et
323 2483 472 2538 omnium
495 2498 613 2554 eqenos3
642 2499 763 2558 quorum
787 2479 859 2539 illud
882 2481 1101 2540 excusationem
1126 2482 1213 2542 habet
1235 2503 1253 2542 a
1276 2505 1325 2544 ao·

182 2585 257 2644 mine
280 2583 410 2664 proprio,
433 2584 489 2642 hoo
511 2583 547 2642 ab
569 2604 622 2654 eo,
645 2585 723 2663 quod
745 2584 837 2666 vulgo
860 2587 933 2645 haec
955 2586 1211 2668 coniungelaotur
1231 2608 1327 2649 rerum

181 2694 302 2748 omniurn
325 2707 444 2764 eqenus3
468 2688 504 2747 ab
526 2689 570 2747 nis
594 2689 737 2750 diversum
762 2698 808 2750 est
830 2695 876 2748 cui
899 2702 1015 2749 mentem
1036 2696 1213 2768 animumque
1235 2695 1325 2765 u,11.

180 2828 223 2840 —·
236 2796 294 2854 Sed
310 2801 343 2854 ut
358 2794 396 2853 ad
410 2811 475 2851 eum
499 2793 593 2852 locum
616 2804 808 2867 revertamur,
829 2796 905 2857 unde
927 2797 1055 2876 digressi
1076 2816 1190 2856 sumus:
1213 2816 1249 2857 ne
1271 2797 1329 2858 fuit

181 2899 296 2979 quidem
329 2898 390 2958 ulla
419 2898 574 2959 mutandae
601 2899 737 2959 lectionis
759 2919 865 2973 causa3
896 2920 960 2959 nam
988 2901 1119 2980 explebis
1142 2903 1327 2974 seutentiam,

183 3004 422 3084 quemadmodum
453 3004 600 3065 subiectos
636 3025 738 3065 versus
766 3013 927 3084 monstrat,
961 3007 1037 3066 hunc
1059 3007 1088 3066 in
1111 3006 1240 3068 modum:
1276 3018 1329 3081 „ut

182 3107 281 3168 videre
304 3108 456 3170 Camillam
479 3108 559 3169 tela
580 3128 683 3168 manu
706 3109 944 3170 iacientem”.

611 3382 707 3463 Caput
735 3383 889 3449 Quartum.

580 3535 631 3600 De
654 3537 932 3624 interpunctione.

270 3733 387 3792 0mnem
411 3731 446 3790 dc
468 3731 702 3810 interpunctione
725 3731 934 3792 dissensionem
959 3729 1110 3810 persequi,
1133 3748 1190 3787 non
1213 3735 1260 3788 est
1282 3728 1331 3785 hu·

186 3835 231 3894 ius
254 3836 323 3894 loci.
356 3836 459 3913 ltaque
482 3843 593 3894 tautum
616 3837 652 3896 dc
675 3857 710 3896 eo
733 3857 843 3918 genere
860 3834 1103 3916 interpunctionis
1120 3833 1165 3892 liic
1187 3833 1332 3890 disserere

186 3941 331 4000 inanimo
355 3947 417 4011 est,
450 3940 526 4019 quod
557 3940 652 4000 eflicit
675 3942 867 4014 seutentiam,
898 3942 926 4000 in
957 3959 1015 4021 quo
1045 3957 1156 4022 genere
1186 3937 1262 3997 laud
1292 3937 1333 3996 ita

184 4046 287 4106 crebra
310 4045 506 4126 discrepantia
529 4065 595 4105 esre
618 4054 727 4125 potest.

271 4150 486 4229 Aen.2,3sqq.
531 4150 575 4208 ux
599 4150 918 4222 llaeckcrmanni,
941 4150 1021 4210 docti
1043 4148 1166 4208 hominis
1191 4154 1220 4206 et
1244 4144 1333 4214 acuti,

186 4255 366 4325 sententia,
383 4254 418 4313 ad
442 4273 527 4334 quam
551 4272 627 4313 nunc
652 4257 764 4316 accedit
785 4255 886 4337 gravis
910 4254 1073 4314 auctoritas
1095 4251 1231 4331 lleuptii,
1262 4253 1333 4310 laec

186 4356 229 4417 ita
251 4358 432 4437 interpunxit
454 4358 663 4440 Ladewigius:
