2940 4894
248 271 314 338 100
515 349 517 360 Ι
679 269 801 340 Philippi
817 269 955 338 Wagneri

243 428 313 488 tius.
357 427 398 488 Ut
419 445 540 488 acumen
563 424 764 504 Peerlkampii
795 441 929 506 agnosco
952 423 981 485 in
1004 443 1041 486 ca
1063 424 1251 499 invenienda,
1274 426 1318 487 ita
1341 427 1398 486 do-

244 533 368 592 ctrinam
389 532 419 592 in
442 531 542 592 eadam
573 530 754 590 exornanda.
809 530 927 590 Tamen
956 529 1090 590 rationes
1120 530 1155 613 ab
1186 550 1222 590 uo
1252 530 1397 611 prolatae

244 639 312 698 mihi
335 659 393 698 non
417 635 580 697 sufficiunt.
639 636 803 716 Saquamur
833 634 962 694 ordinans
985 634 1196 715 disputationis
1218 634 1394 696 Peerlkam-

245 738 359 824 pianaa.
413 745 532 817 ,‚0mocs
563 748 688 813 nautae,
717 741 766 821 qui
794 740 923 800 sonitum
953 739 1039 800 tubas
1065 739 1294 821 axspactabant,
1322 761 1398 821 pro·

162 837 168 850 ⁸
246 847 375 920 „siluere
397 866 435 906 ex
458 845 542 919 locis,
566 855 641 926 quas
652 845 752 905 sortiti
768 850 853 906 erant
874 861 918 907 vs.
945 845 1006 904 132
1028 853 1084 904 tum
1106 847 1169 904 locu
1190 855 1267 906 sorta
1288 848 1396 923 lapsae.

246 953 321 1025 „liic
344 951 400 1012 inm
424 972 530 1014 novum
561 952 628 1011 mihi
651 951 772 1024 accidit,
805 951 889 1024 loca,
914 951 990 1010 unda
1011 951 1188 1030 procedendi
1210 951 1321 1011 initium
1344 949 1396 1024 fit,

245 1057 409 1138 „appellari
428 1061 507 1132 fiaes.
552 1058 621 1117 Scio
642 1061 713 1132 flacc
736 1057 898 1138 appellari,
921 1057 1025 1137 quibus
1047 1056 1157 1137 aliquid
1179 1055 1296 1129 finitur,
1318 1055 1394 1117 deli·

245 1163 356 1236 „nitur,
387 1162 467 1222 ultra
496 1181 571 1243 quos
599 1170 668 1223 ante
702 1163 832 1222 auditum
861 1163 977 1244 signum
1008 1181 1041 1222 ss
1067 1181 1185 1223 movere
1220 1183 1278 1222 non
1308 1161 1392 1224 licet.

246 1268 327 1343 „Sed
349 1269 379 1328 in
401 1268 455 1329 tali
477 1268 635 1328 certamina
657 1267 748 1347 probe
778 1268 984 1328 discernuntur
1010 1287 1142 1327 carceres
1164 1276 1195 1329 et
1216 1279 1303 1340 msto,
1336 1269 1392 1328 ini-

247 1375 339 1448 „tium
362 1382 393 1434 st
414 1373 492 1435 finis.
537 1373 678 1456 Virgilius
700 1395 769 1434 mox
802 1375 953 1454 scopulum
986 1385 1085 1433 asemas
1100 1374 1242 1448 nominat,
1265 1374 1320 1434 huc
1343 1381 1395 1434 est

245 1479 380 1552 „finam
402 1480 476 1539 recti
498 1497 620 1551 cursus,
649 1479 696 1538 ubi
728 1476 1001 1538 circumflectsrant.
1046 1478 1145 1559 Magia
1168 1479 1257 1538 ctiam
1281 1499 1392 1542 novum

245 1585 382 1659 „accidit,
405 1587 460 1646 hos
483 1584 579 1645 lines
609 1584 665 1644 dici
691 1603 763 1643 suos.
815 1585 927 1643 Fines
951 1583 1082 1643 omuibus
1105 1592 1246 1664 quattuor
1268 1584 1392 1646 nasibus

245 1699 351 1766 „crant
373 1691 468 1750 iidem.
512 1689 631 1751 Ovidius
654 1709 681 1750 v.
701 1707 727 1749 c.
741 1688 773 1747 X
785 1689 857 1748 Met.
875 1689 940 1748 652
955 1692 1042 1765 Sipus
1056 1689 1137 1747 ludus
1158 1692 1304 1765 dederuut,
1325 1710 1391 1750 cum

243 1827 286 1842 --
306 1813 424 1855 carcerc
442 1811 550 1869 prossus
570 1803 684 1869 uterquc
699 1789 824 1852 limma?
844 1825 886 1836 -
909 1813 966 1852 nou
991 1793 1159 1872 scripsisset
1174 1813 1224 1852 suo
1242 1793 1388 1856 corocrc'’.

205 1923 212 1942 ·
245 1901 353 1961 Fines
376 1908 445 1960 sunt
462 1899 528 1960 loca
551 1897 635 1958 linita
657 1907 688 1958 et
710 1908 806 1973 certa3
829 1899 894 1960 Lis.
910 1901 962 1970 42,
986 1902 1026 1958 46
1043 1899 1208 1970 „interdum
1228 1899 1325 1961 locum
1348 1901 1389 1962 fi·

245 2006 342 2078 nire,
365 2006 394 2065 in
418 2025 475 2086 quo
498 2005 662 2065 dimicaturi
678 2007 808 2066 assent’':
833 2005 1031 2088 intelligemus
1054 2013 1162 2079 autem,
1185 2007 1234 2086 qui
1257 2007 1285 2067 in
1308 2008 1388 2067 circo

244 2111 432 2192 appellantur
453 2131 602 2184 carceres,
641 2130 700 2192 quo
730 2112 873 2173 vocabulo
896 2119 986 2192 poeta
1018 2112 1080 2191 ipse
1103 2133 1145 2174 vs.
1172 2115 1231 2172 145
1256 2112 1389 2174 illustrat

244 2237 307 2289 cos,
330 2236 404 2296 quus
427 2218 473 2275 hic
496 2217 656 2297 appellavit
678 2216 788 2276 fines.
845 2219 937 2277 Recta
966 2218 1080 2297 quidem
1103 2226 1195 2298 negat
1217 2218 1388 2278 Peerlkam-

244 2321 310 2402 pius
332 2341 502 2402 quemquam
533 2320 685 2400 scripsisse
712 2340 777 2379 suo
806 2339 947 2392 carcere,
983 2321 1050 2401 quia
1081 2321 1196 2381 scilicet
1226 2331 1285 2381 non
1315 2343 1389 2385 suos

245 2427 367 2509 quisque
393 2445 529 2487 carceres
555 2425 659 2497 habet,
689 2425 837 2505 quisunt
861 2426 985 2484 omnium
1007 2427 1181 2486 certantium
1204 2446 1388 2505 communes3

245 2540 277 2594 at
299 2531 422 2605 fines,
451 2550 525 2612 quae
547 2538 616 2590 suut
637 2539 735 2602 certa,
759 2532 810 2590 sed
834 2531 971 2612 singula,
1008 2532 1089 2603 loca,
1122 2534 1179 2592 sui
1211 2535 1317 2614 cuique
1340 2536 1388 2596 ad·
1468 2573 1469 2602 ι

244 2639 410 2719 signantur.
455 2636 517 2695 Huc
540 2636 668 2714 pertinet
690 2635 771 2707 illud,
795 2636 873 2714 quod
896 2655 984 2715 supra
1009 2657 1052 2697 vs.
1079 2640 1140 2696 132
1165 2639 1307 2718 scripturn
1331 2649 1388 2715 est,

244 2754 300 2804 tum
323 2745 386 2802 locu
406 2752 481 2801 sorte
503 2743 603 2817 lapaut,
627 2761 760 2821 quorem
784 2741 828 2802 vel
854 2761 891 2801 ex
914 2741 1042 2801 Homero
1068 2741 1116 2822 (ll.
1141 2746 1197 2815 23,
1221 2747 1284 2806 352
1306 2746 1388 2827 sqq.)

247 2856 346 2909 notam
369 2847 466 2928 tangit
489 2854 588 2926 poeta,
615 2865 667 2907 nec
690 2866 753 2906 eaor
768 2847 797 2905 iu
811 2847 1008 2927 descriptione
1032 2847 1100 2906 talis
1116 2850 1283 2910 certaminis
1306 2872 1390 2931 prae·
1467 2847 1468 2850 '

245 2953 431 3025 tercundam,
455 2950 640 3010 sortitionem
663 2950 806 3024 locorum,
829 2950 907 3011 iufra
930 2972 974 3013 vs.
998 2955 1059 3012 315
1086 2952 1191 3013 iterum
1219 2954 1387 3017 indicatam.

243 3059 285 3119 Ut
307 3063 381 3118 enim
403 3055 530 3137 singulis
549 3055 681 3115 currilus
703 3055 733 3114 in
751 3056 830 3115 circo
848 3055 1012 3115 suuslocus
1034 3063 1116 3117 sorte
1139 3058 1278 3140 obtingit,
1301 3060 1344 3120 itu
1360 3061 1388 3121 in
1466 3095 1467 3130 ,

244 3164 342 3226 navali
363 3162 522 3224 cartamine
545 3161 680 3234 navibus,
703 3182 762 3221 non
786 3162 883 3221 nautis
908 3179 943 3221 ac
966 3162 1142 3244 ramigilius,
1177 3165 1226 3244 qui
1249 3184 1334 3244 quem
1358 3169 1388 3228 in

244 3292 298 3331 sua
328 3270 450 3351 quisque
474 3287 547 3329 nave
569 3267 666 3326 locum
688 3267 825 3340 habeant,
848 3267 917 3326 nilril
940 3266 1049 3340 refert,
1072 3276 1124 3328 aut
1145 3270 1171 3329 ai
1191 3269 1315 3343 referat,
1336 3293 1388 3334 eas

244 3365 292 3436 r'cs
320 3396 378 3434 non
401 3394 418 3434 a
442 3373 495 3432 tali
518 3373 675 3433 sortitione
698 3373 850 3452 pendebit,
883 3373 934 3431 ssd
962 3373 997 3432 ab
1025 3372 1147 3433 arbitrio
1179 3377 1387 3458 magistrorum
1465 3427 1466 3444 ι

245 3480 386 3560 cuiusque
409 3477 500 3539 navia.
524 3509 566 3522 —
621 3478 729 3560 Pergit
751 3477 988 3558 Peerlkampius:
1020 3479 1100 3550 „lam
1119 3484 1294 3558 prosiluere,
1328 3508 1388 3548 non

245 3584 341 3664 „ipsi‚
364 3582 415 3642 sed
438 3600 501 3640 curn
526 3582 645 3643 navibus
669 3584 747 3655 suis,
778 3603 867 3645 naves
891 3583 964 3643 adeo
988 3583 1161 3662 prosiluere.
1214 3587 1311 3650 Nives
1342 3593 1387 3650 in·

245 3687 519 3772 „genti·mole,
542 3688 675 3748 urbium
699 3709 829 3769 opera,
862 3699 977 3749 terno
994 3693 1268 3766 remorumordina,
1293 3697 1386 3775 primo

244 3814 409 3870 „remorum
424 3794 548 3872 impulsu
564 3793 664 3854 statim
674 3797 845 3870 prosilisset
868 3798 961 3856 Recte
975 3795 1087 3855 diceres
1110 3797 1146 3856 dc
1163 3799 1255 3878 equis,
1279 3801 1315 3861 da
1338 3804 1387 3863 lo·

243 3901 396 3976 „nrinibua
456 3899 500 3958 lle
525 3900 660 3972 navibus,
690 3901 791 3980 quales
814 3901 953 3984 Virgilius
975 3901 1140 3982 descripsit,
1165 3903 1292 3984 ineptum
1310 3907 1386 3968 est”.

244 4006 327 4068 Haud
349 4006 411 4065 sine
433 4003 563 4084 periculo
590 4025 678 4084 saepe
701 4005 746 4079 fit,
771 4014 805 4067 ut
831 4008 956 4088 ineptias
975 4006 1232 4070 obiiciamusaliis.
1265 4012 1387 4095 Ergone

242 4112 349 4192 ineptit
365 4108 521 4191 Vergilius,
545 4129 609 4168 cum
632 4111 747 4172 scribit:
898 4111 1003 4172 finibus
1026 4134 1137 4184 omncs,

371 4215 454 4275 [laud
477 4233 567 4284 mora,
592 4215 755 4296 prosiluere
778 4218 854 4292 suis3
870 4217 951 4276 'derit
974 4219 1094 4277 aethera
1116 4216 1229 4277 clamor

371 4319 524 4392 Nauticus,
547 4320 680 4381 adductis
703 4331 840 4402 spumant
861 4321 940 4382 t‘reta
963 4341 1048 4384 versa
1071 4321 1200 4382 lacertis.

372 4423 518 4485 lulindunt
539 4427 651 4510 paritas
671 4427 782 4500 sulcos,
807 4435 958 4505 totumque
980 4426 1104 4486 dehiscit
