2940 4894
494 265 638 318 Lectiones
656 265 839 332 Vergilianas.
1187 267 1228 331 79

82 420 114 478 in
139 397 227 480 Verr.
247 420 363 490 lectt,
385 419 515 479 retinent
534 419 652 479 eosdem
674 419 815 492 Jabnins,
843 419 1051 502 Ledeuigius,
1074 423 1230 504 lleuptins,

82 523 137 602 qui
171 524 286 602 quidem
314 523 454 603 pervelim
474 524 552 583 scire
574 523 677 602 quibus
712 525 875 584 ntionibus
906 525 1011 584 ductus
1041 526 1229 606 Vergilianus

83 647 157 688 esse
180 629 235 687 sibi
256 629 446 707 persuaserit.
490 629 575 694 Quae
594 647 633 687 ex
647 647 684 686 eo
698 635 842 707 tempore,
863 647 921 707 quo
934 629 1093 710 Vergilium
1110 631 1231 711 primurn

83 733 178 804 edidi,
201 733 320 812 prolata
341 740 411 792 snut
432 734 469 792 ed
490 753 543 804 ea,
566 751 642 812 qnae
662 733 852 812 scripseram,
875 732 1046 805 refutanda,
1079 735 1147 793 mibi
1170 715 1232 814 pui-

83 837 155 896 dem
178 856 281 916 perun
302 837 401 899 aalide
422 837 486 898 vise
520 845 599 896 sunt.
642 837 726 896 Nuuc
749 839 823 896 setis
844 838 936 898 beben
967 839 1068 898 mirrmn
1090 858 1232 899 commen·

84 951 152 1001 tum
166 942 266 1003 Jabnii
290 943 500 1024 eLedewigio
523 943 675 1022 probatum
697 943 846 1004 refellere.
886 945 958 1003 llam
981 963 1045 1004 cnm
1069 947 1121 1006 ille
1142 949 1231 1009 verbe

83 1051 168 1106 isser
189 1051 295 1106 caletes
316 1057 462 1122 monsque
483 1047 664 1126 ineptissime
686 1067 752 1108 esse
780 1049 848 1108 mibi
868 1049 962 1109 videri
981 1051 1140 1125 dixissem,
1162 1073 1231 1133 quo-

86 1153 172 1211 niem
193 1153 357 1212 Mercurius
378 1151 460 1212 volet
480 1153 558 1211 inter
579 1153 723 1212 caelum
745 1173 786 1212 ec
807 1173 918 1226 mere,
948 1155 976 1213 id
999 1157 1077 1236 quod
1098 1177 1116 1216 e
1137 1160 1232 1219 verbis

86 1277 118 1315 sc
142 1261 271 1316 mmcd
286 1261 376 1315 medes
398 1257 565 1336 plenissime
586 1257 774 1339 intelligitur,
796 1260 920 1318 ,lebuius
935 1261 978 1319 eit
1000 1261 1058 1320 iste
1071 1267 1147 1322 ieter
1169 1283 1235 1323 coe-

89 1365 149 1420 lum
172 1372 317 1436 uerusque
338 1363 436 1420 colore
464 1361 656 1439 proverbialis
686 1361 845 1422 locutionis
873 1365 999 1443 speciem
1028 1365 1151 1440 bebere3
1182 1369 1233 1427 sed

89 1473 229 1525 nemnem
251 1465 315 1524 eius
337 1465 483 1544 proverbii
505 1466 655 1545 explicere
676 1467 859 1546 supersedit,
893 1487 946 1528 nec
968 1469 1063 1541 rideo,
1087 1473 1233 1548 quomodo

90 1569 239 1649 explicari
260 1571 372 1648 possit3
401 1579 433 1630 ct
455 1572 480 1630 si
502 1572 576 1631 adeo
600 1573 710 1651 possit,
742 1579 838 1632 temen
861 1573 917 1632 boc
939 1583 1004 1646 est,
1034 1575 1112 1655 quod
1134 1576 1235 1636 dicunt
1312 1644 1316 1652 ‚

90 1674 242 1734 dialectici
263 1694 282 1733 a
303 1693 392 1754 posse
416 1676 454 1736 ed
476 1695 543 1736 esse
565 1676 782 1738 conclusionem
803 1675 914 1737 fecere.
929 1648 964 1695 ι

183 1777 257 1844 Aen.
280 1781 311 1848 ιἰ,
334 1781 408 1839 273.

230 1885 304 1942 272.
353 1886 385 1942 Si
406 1893 433 1942 te
454 1886 531 1942 aa&
552 1892 805 1941 mosellanorum
829 1886 924 1960 plors'u
944 1902 1051 1958 renen,

351 1987 412 2047 Nec
435 2007 523 2068 super
545 1989 608 2068 ipse
630 1995 682 2046 tue
704 1987 817 2046 moliris
839 1988 926 2047 leude
948 1989 1087 2065 laborem,

352 2096 506 2151 Arcesius
524 2104 681 2167 serpentem
704 2135 712 2154 .
734 2137 742 2151 .
767 2137 774 2152 .
794 2098 912 2168 respice.

94 2195 252 2276 llxpuugit
274 2195 464 2276 Ladewigius
486 2215 600 2256 versum
625 2200 705 2270 273,
734 2199 929 2257 desideratum
952 2198 981 2256 in
1004 2199 1135 2259 lllediceo
1158 2201 1236 2261 eliis·

96 2319 156 2380 que
179 2300 285 2373 codd.;
309 2299 383 2360 fecit
404 2302 479 2361 idem
501 2302 670 2381 llauptius3
698 2323 755 2361 uon
774 2310 867 2362 necte
890 2321 953 2362 oreo
977 2303 1090 2381 quidem
1111 2305 1235 2380 iudicio3

95 2425 164 2465 nam
193 2423 257 2464 oum
286 2407 413 2485 quinque
445 2407 570 2487 integris
602 2400 738 2467 ¹versibus
771 2407 978 2482 (ees-236)
1009 2410 1150 2469 conclusa
1178 2413 1238 2472 siut

95 2513 236 2572 mandata
257 2513 357 2586 lovis,
384 2512 459 2574 velis
481 2533 517 2572 ea
539 2514 661 2574 totidem
683 2511 887 2591 comprehendi
915 2531 933 2572 e
954 2513 1056 2572 nuntio
1080 2515 1236 2574 secundum

97 2617 264 2696 exemplum
286 2618 414 2678 Homeri.
458 2618 589 2690 Accedit,
613 2620 690 2698 quod
712 2635 816 2678 versus
840 2618 913 2688 273,
935 2635 994 2696 quo
1018 2619 1082 2695 quis
1104 2617 1237 2678 fortasse

96 2741 194 2801 aequo
218 2723 313 2781 euimo
336 2723 465 2782 caruerit
486 2731 632 2801 tamquam
656 2744 674 2783 e
696 2723 862 2802 superiore,
893 2721 920 2780 si
948 2724 1124 2782 sententious
1155 2744 1237 2803 spec·

97 2835 156 2898 tes,
195 2827 272 2885 bend
300 2827 420 2886 multum
450 2827 586 2900 diverso,
613 2830 728 2889 minime
759 2846 995 2909 supervacaneus
1022 2827 1113 2886 videri
1140 2828 1237 2902 debet,

97 2933 206 3012 quippe
229 2932 278 3011 qui
299 2933 470 2992 acerrimum
492 2933 648 2993 edmoveet
658 2923 804 2994 stimulum
827 2933 863 2992 ad
886 2932 1083 3012 instigandum
1099 2934 1237 2994 Aeneem.

97 3037 173 3096 Nem
195 3037 262 3096 istis
284 3037 379 3098 verbis
401 3041 433 3096 st
452 3047 480 3096 te
499 3039 576 3095 nullo
597 3049 687 3097 mooe!
707 3049 849 3098 tuatim
862 3041 957 3113 plocio
978 3055 1074 3095 reram
1088 3039 1238 3120 attingun-

96 3152 148 3202 tur
167 3163 216 3202 res
238 3144 356 3203 deorum
378 3140 560 3225 benignitate
578 3144 695 3205 Aeneae
718 3146 878 3225 promissae
901 3143 957 3216 (cf.
971 3165 1015 3204 vs.
1040 3147 1239 3234 227—231)‚

97 3257 131 3308 at
153 3266 257 3308 versus
281 3248 428 3308 subiectus
452 3254 529 3321 „Nec
551 3294 559 3311 .
583 3294 589 3308 .
615 3249 790 3310 .luborem”
822 3251 977 3332 segnitiem
1000 3253 1160 3330 exprobret
1181 3254 1238 3314 Δο-

98 3371 184 3424 ιιοιιο,
208 3372 282 3432 quea
303 3374 351 3412 res
375 3354 526 3432 plurimum
549 3354 634 3413 debet
655 3356 755 3416 valere
777 3357 853 3434 apud
882 3355 990 3414 fortem
1014 3357 1146 3417 animam.
1192 3360 1238 3418 Vi·

98 3460 152 3518 des
175 3459 285 3540 igitur,
315 3461 502 3531 Anthoni,
533 3460 642 3520 omisso
665 3461 721 3520 boe
743 3479 831 3522 versu
854 3467 967 3541 partem
994 3462 1122 3521 mandati
1143 3464 1239 3523 omitti

98 3566 304 3645 gravissimam
327 3573 358 3624 et
380 3565 456 3623 baud
479 3565 541 3624 scio
556 3585 592 3622 en
610 3565 815 3624 occesseriam.
862 3565 998 3623 Ceterum
1020 3567 1046 3623 si
1059 3564 1139 3626 forte
1153 3587 1238 3646 quee-

98 3669 151 3740 ris,
174 3687 232 3748 quo
255 3687 325 3728 casu
347 3669 483 3731 uideatur
505 3668 551 3726 hic
571 3670 734 3729 versiculus
758 3669 918 3739 excidisse,
942 3669 1012 3728 nibil
1034 3667 1152 3730 fecilius
1174 3669 1239 3731 lieri

98 3775 217 3852 potuit3
241 3774 309 3852 quid
325 3774 399 3832 enim
414 3774 526 3843 mirum,
549 3773 573 3831 si
596 3773 707 3832 librarii
732 3773 898 3832 memoriter
920 3773 1001 3843 baec,
1026 3774 1131 3853 quippe
1153 3776 1239 3834 modo

99 3879 188 3949 lecta,
216 3887 376 3938 exerentes
398 3897 452 3937 uec
481 3878 663 3958 exemplum,
688 3880 770 3938 ‘unde
803 3877 1018 3950 describebant,
1053 3879 1240 3957 inspicientes

99 4002 187 4043 uuum
209 4001 325 4043 versum
346 3982 515 4042 omiseriutl

187 4086 260 4146 Aen.
283 4093 315 4159 ll,
338 4089 412 4148 408.
457 4088 524 4159 Quis
546 4088 597 4145 tibi
619 4094 690 4158 tum,
708 4090 791 4162 Dido,
814 4088 941 4146 cerami
963 4087 1155 4155 tulissemus,

232 4193 337 4264 Quosve
360 4193 448 4250 dubus
470 4195 594 4267 penitus,
617 4212 680 4252 coos
701 4197 787 4254 litore
807 4198 919 4265 tmere
939 4191 995 4248 tote

232 4299 409 4372 Prospe’ceres
431 4305 489 4355 etc.

104 4413 169 4461 tuoe
189 4400 391 4484 hadewigius,
413 4401 551 4462 lebnium
574 4413 708 4476 secutus,
731 4422 815 4484 qnam
838 4408 934 4460 tamen
956 4398 1026 4458 alibi
1049 4417 1106 4457 non
1128 4397 1239 4457 monito
