2940 4894
502 227 647 280 Lectiones
664 225 849 294 Vergilianas.
1208 227 1251 292 89

99 377 156 437 Sic
188 398 266 459 ege,
297 386 331 440 nt
359 378 527 459 superiores
556 380 703 454 editores,
736 382 829 458 edidi,
858 389 966 444 centra
997 383 1190 465 hedewigins
1220 392 1252 448 et

98 483 270 564 Heuptius:

330 591 479 662 Infrenant
499 591 550 647 atii
572 607 674 648 carras
694 598 726 649 et
747 607 873 664 caepere
894 591 967 650 salte

335 695 493 752 Sutitee'aet
512 699 542 752 ia
564 713 648 770 eques
669 704 698 752 et
717 697 822 754 arietis
843 697 953 754 emtum
975 696 1105 756 adstent.

97 803 129 852 et
152 813 199 855 vs.
223 797 286 856 287
309 797 338 858 in
360 817 418 858 nec
441 798 574 860 Medicas
597 799 727 881 legitur,
751 797 829 879 qued
852 819 869 858 e
892 799 1027 882 proximu
1049 820 1136 864 versu
1159 800 1252 864 edaci·

97 907 168 959 turn
191 900 282 960 videri
305 904 409 983 scripsi
431 904 460 964 in
484 905 567 964 Varr.
590 905 704 975 Lectt„
734 904 975 984 quemadmodum
996 916 1047 966 cut
1080 906 1139 986 (vs.
1163 895 1252 984 2885,

98 1006 186 1088 qued
208 1009 278 1070 item
300 1012 329 1070 in
351 1031 410 1071 unc
433 1011 568 1072 Gudieuc
591 1032 665 1072 am.
681 1032 725 1091 pr.
738 1018 850 1082 exstat,
873 1029 912 1070 ex
928 1010 1092 1089 superiore.
1141 1011 1252 1074 Versus

99 1113 223 1194 quidem
247 1117 309 1174 283
338 1116 493 1197 quartique
521 1117 610 1179 verba
643 1118 688 1189 „it
717 1124 783 1176 tcta
816 1116 932 1176 turbide
959 1114 1044 1175 caele
1072 1116 1252 1196 Tempestas

99 1218 235 1278 telorum
266 1237 302 1278 ac
330 1218 446 1280 ferrens
469 1222 581 1304 ingruit
603 1222 712 1282 imber”
738 1222 776 1282 sd
806 1221 920 1301 pedites
950 1219 1098 1300 pertinere
1128 1221 1254 1300 prebent

100 1343 154 1395 ee,
178 1343 253 1403 quae
276 1325 491 1406 subsequuntur
514 1327 733 1407 „crateresque
754 1325 900 1407 facesque
915 1325 1047 1398 feruet,”
1070 1327 1254 1406 quaereris

100 1447 259 1508 perperam
282 1430 493 1510 interpretatus
515 1453 578 1492 sum
601 1433 630 1492 in
653 1431 737 1494 vim.
756 1432 869 1504 uoce,
892 1431 948 1491 iam
971 1438 1144 1510 sequuntur,
1168 1432 1252 1511 quie

6 1549 8 1554 '
101 1532 241 1594 curribus
279 1543 430 1616 pugnant,
467 1537 545 1617 iique
577 1535 785 1618 significantur
819 1557 863 1598 rs.
896 1538 958 1596 287
996 1534 1169 1608 „infrenant
1201 1537 1253 1598 elii

100 1640 249 1713 currus'’;
271 1649 387 1700 restent
408 1643 534 1721 equites,
556 1642 617 1721 qui,
638 1649 672 1702 ut
695 1661 814 1702 numere
837 1641 882 1700 his
898 1641 990 1722 icnge
1005 1641 1116 1721 plures,
1138 1641 1252 1703 minime

100 1752 205 1804 erent'
221 1747 440 1824 praetereundi3
479 1746 524 1818 hi,
558 1755 592 1806 ut
620 1745 738 1806 facilius
774 1746 996 1827 distinguentur
1025 1745 1061 1806 ab
1091 1746 1168 1818 iliis,
1202 1747 1252 1828 qui

101 1849 243 1930 proximu
264 1849 331 1910 icen
354 1852 571 1912 commemorati
593 1858 680 1922 sunt,
703 1858 879 1929 separantur
901 1849 936 1910 ab
960 1851 1004 1909 his
1028 1849 1173 1928 particula
1193 1860 1252 1923 cut,

101 1960 322 2035 praetereaque
345 1973 410 2015 cum
432 1955 545 2015 strictis
568 1955 685 2016 ensibus
707 1953 831 2026 adsum,
861 1954 911 2034 qui
940 1955 1044 2016 melius
1074 1956 1254 2018 conveniunt

102 2059 269 2140 equitibus,
299 2078 384 2138 quem
405 2058 610 2142 repetivimus,
634 2060 701 2140 qui,
723 2061 789 2119 dum
812 2066 895 2122 stent
916 2060 946 2120 in
968 2059 1118 2132 curribus,
1148 2058 1253 2122 iaculis

102 2164 233 2224 maxime
261 2184 322 2224 ram
354 2173 478 2246 gerunt3
511 2165 650 2246 denique,
681 2166 707 2226 si
739 2165 828 2227 verda
857 2167 1009 2240 Iesreecet
1035 2171 1066 2224 et
1092 2157 1254 2224 'Sudiice'uat

102 2271 145 2330 ad
178 2289 265 2330 unum
296 2271 443 2349 pertinent
473 2271 635 2330 subiectum
669 2290 770 2351 parum
802 2278 884 2332 recte
919 2270 1087 2352 geminetur
1121 2277 1149 2328 et
1188 2268 1252 2349 („rt

102 2393 235 2455 corpore
262 2395 286 2434 s.
310 2375 343 2435 S.
369 2375 388 2436 i.
419 2395 511 2456 eques
533 2387 561 2436 at
586 2382 641 2436 etr.
664 2395 726 2437 ens.
750 2374 865 2453 ads.”),
900 2374 948 2435 ubi
978 2379 1135 2455 exspectes
1161 2377 1251 2432 stric-

102 2485 203 2557 tisque.
247 2479 310 2540 liae
331 2481 478 2552 rationes,
502 2488 534 2539 ut
555 2481 629 2540 satis
652 2480 776 2550 multae,
800 2480 843 2539 ita
864 2479 938 2540 satis
961 2485 1109 2559 putentes,
1133 2497 1251 2557 persua·

103 2584 186 2656 dent,
208 2592 242 2643 nt
263 2585 415 2656 retineam,
437 2583 515 2664 quud
536 2584 622 2645 edidi.
667 2585 727 2642 Sed
750 2583 914 2660 quaeritur,
937 2583 1082 2642 hebentes
1103 2582 1200 2642 lecum
1222 2585 1251 2644 in

103 2690 249 2752 eiusmodi
272 2690 430 2768 partitione
456 2690 602 2769 particule
629 2690 696 2749 eati
740 2691 839 2750 Teeet
865 2690 902 2749 da
934 2709 970 2750 ea
999 2709 1033 2748 re
1061 2687 1192 2750 Handius
1221 2690 1251 2750 in

103 2795 299 2866 Turselfinc,
333 2803 365 2854 nt
394 2794 526 2875 loquitur
551 2796 614 2874 ipse
637 2794 802 2876 Vergilius:
833 2795 864 2866 7,
888 2795 952 2855 634
986 2794 1159 2876 „Tegmine
1185 2802 1251 2856 tuta

102 2911 212 2966 cevent
241 2903 385 2983 capitum,
414 2899 594 2982 flectuntque
622 2902 755 2983 salignae
783 2900 945 2961 Umbcnum
968 2901 1073 2975 cretis3
1107 2902 1157 2962 alii
1188 2903 1250 2962 tha·

101 3027 190 3068 races
207 3027 299 3066 aenos
314 3006 385 3066 Aut
407 3005 480 3067 ieris
498 3024 602 3066 ocreas
625 3007 707 3066 lento
730 3007 840 3066 ducunt
862 3007 1027 3088 argentc”;
1051 3015 1140 3088 etque
1162 3008 1250 3069 etiam

102 3113 214 3174 clarius
246 3116 296 3183 11,
319 3113 381 3172 473
416 3110 633 3183 „Praefodiunt
654 3111 726 3171 alii
750 3119 870 3191 pertas,
902 3119 973 3170 aut
1001 3132 1076 3172 sexa
1105 3113 1250 3193 sudesque

102 3219 319 3291 Subvectent”3
350 3226 380 3278 et
403 3219 554 3300 geminetc
575 3229 626 3277 aet
652 3220 687 3290 9,
712 3221 774 3280 684
797 3240 862 3300 sqq.
898 3219 1067 3291 „Continuo
1096 3221 1249 3288 Quercens

102 3369 110 3388 .
134 3369 142 3387 .
167 3367 175 3386 .
198 3332 230 3384 et
252 3323 412 3404 Aquiculus
435 3367 443 3384 .
467 3365 475 3384 .
498 3325 537 3382 Et
566 3324 667 3383 Murus
690 3366 698 3383 .
723 3368 730 3383 .
754 3333 785 3384 et
812 3325 943 3386 Haemon
974 3324 1148 3406 Agminibus
1177 3327 1250 3387 tetis

100 3439 163 3493 aut
185 3431 264 3492 uersi
284 3437 374 3510 terge
394 3429 511 3518 dedere,
535 3429 604 3488 Aut
624 3430 689 3508 ipsc
713 3438 818 3510 pertas
833 3449 959 3510 posuere
974 3431 1003 3490 ic
1019 3432 1117 3492 limine
1129 3432 1249 3504 vitem,”

101 3546 132 3598 et
159 3540 210 3607 12,
228 3536 347 3614 seseq.
371 3535 560 3606 „Semineces
583 3534 677 3596 volvit
700 3535 818 3607 multos,
841 3543 903 3595 aut
925 3538 1045 3617 agmine
1067 3556 1154 3597 curru
1176 3538 1248 3598 Pro·

101 3641 187 3714 terit,
218 3647 285 3700 eut
305 3647 408 3719 raptas
431 3639 615 3720 fugientibus
637 3640 748 3721 ingerit
771 3641 911 3714 hastas‚’'
941 3644 1017 3703 alica
1044 3643 1138 3704 volvit
1165 3644 1247 3704 semi·

100 3767 206 3818 ncces,
241 3745 316 3805 aiics
339 3764 426 3804 curru
456 3745 600 3825 proterit,
636 3745 703 3806 aliie
734 3745 847 3826 ingerit
868 3746 971 3808 hastas
993 3747 1178 3828 fugientibus
1193 3745 1247 3827 ¹4).

101 3853 189 3920 uuae
212 3851 237 3910 si
260 3868 331 3910 vere
353 3857 432 3921 sunt,
456 3857 488 3908 ut
510 3856 593 3928 puto,
617 3868 692 3929 quse
715 3851 800 3910 mode
824 3850 981 3930 disputavi,
1005 3851 1089 3911 simul
1106 3852 1246 3932 inteiligi-

100 3964 159 4029 tur,
183 3954 261 4035 qued
284 3953 475 4034 Ladewigius
497 3962 528 4014 et
549 3953 694 4033 Hauptius
714 3976 730 4017 e
753 3957 897 4026 Mediceis,
920 3957 968 4037 qui
991 3978 1010 4016 e
1031 3978 1068 4016 m.
1092 3978 1135 4036 pr.
1160 3956 1247 4018 hebet

4 4113 5 4116 ,
99 4065 211 4130 adsunt,
235 4067 266 4118 et
287 4079 303 4118 e
325 4058 463 4118 Leidensi
485 4061 667 4142 repetierunt
685 4065 808 4132 adstant,
831 4061 948 4140 probari
973 4081 1030 4121 nou
1052 4081 1156 4140 posse3
1181 4082 1246 4124 nem

4 4197 5 4252 3
100 4185 158 4225 nen
181 4165 329 4224 adstant
351 4171 441 4243 atque
462 4164 491 4223 in
513 4185 568 4225 sun
584 4165 714 4246 vestigio
729 4173 847 4226 manent
868 4167 993 4247 equites,
1016 4167 1067 4226 sed
1091 4167 1246 4248 apprepin-

139 4293 199 4380 Ι14)
217 4290 345 4378 {dandina
363 4289 484 4346 Turseli.
503 4294 530 4357 2,
549 4311 577 4365 p.
591 4294 661 4379 ,ηδτ
682 4293 771 4348 »Ante
789 4297 880 4380 qmuie
900 4311 1013 4367 quaere,
1034 4293 1096 4420 quis
1115 4311 1244 4368 umquem

99 4369 184 4427 latine
203 4367 302 4422 dixerut
319 4385 377 4422 cam
395 4366 531 4420 medensi«
563 4365 638 4421 Duxit
657 4366 738 4422 horno
755 4369 942 4432 intremuimus,
961 4365 1045 4436 Vergr
1057 4383 1100 4420 rus
1121 4371 1244 4436 1¹2⁷&-
