2940 4894
534 204 677 257 Lectiones
698 201 880 272 Vergilianas.
1213 201 1275 270 121

2 391 25 430 ,p
132 358 228 440 iungi,
254 379 328 439 quae
351 378 409 440 ego
433 357 638 440 coniungenda
661 377 785 433 causeo,
815 361 860 417 ille
881 361 990 434 quidem
1014 359 1066 418 lace
1089 364 1215 434 cupiens,
1247 367 1277 419 et

22 523 24 534 ,
127 484 248 544 prorsus
267 466 367 524 eodem
383 463 466 521 modo
483 464 599 522 locutus
616 471 662 522 est
679 471 767 542 poeta
785 466 834 536 1⁰,
849 467 909 524 385
936 485 1039 545 „quem
1062 486 1120 524 non
1139 485 1275 544 superoc-

130 579 219 650 cupat
242 571 350 642 Hisbo,
375 569 446 626 lllc
470 569 616 648 quidem
642 565 709 628 huc
733 565 926 650 sperans’'.
961 571 1004 652 De
1028 590 1063 630 eo
1087 577 1182 629 autem
1208 589 1278 628 usu

129 675 343 747 Homerico,
367 693 450 756 quem
473 673 664 754 [ludewigius
687 682 718 732 et
740 674 768 734 b.
792 675 811 732 l.
833 663 864 734 et
886 677 915 746 5,
930 676 992 734 457
1019 676 1151 756 attingit,
1173 675 1276 734 vellem

18 827 21 837 .
131 779 221 838 latius
245 781 450 860 exposuisset3
476 778 541 836 mibi
566 777 680 858 quidem
704 800 862 858 pronomen
886 783 932 838 ille
954 800 1025 848 curn
1041 781 1196 862 participio
1219 776 1277 859 ἒμ-

136 887 265 967 φατικῶς
289 887 416 944 iunctum
440 905 483 956 ex·
501 885 594 942 media
616 884 764 942 latinitate
787 883 951 964 profectum
975 887 1097 974 videtur.
1145 967 1146 970 Ἰ

219 988 294 1048 Aen.
323 993 371 1061 11,
396 991 466 1048 566.
653 989 767 1047 hastam
790 1008 852 1048 cum
875 991 991 1071 virgine
1016 990 1111 1050 victor

464 1093 622 1151 Gramineo
654 1093 759 1152 donum
784 1093 908 1155 Triviae
931 1095 966 1153 de
990 1095 1119 1174 caespite
1141 1091 1234 1152 vellit.

215 1197 309 1256 Recte
329 1197 443 1276 quidem
466 1197 707 1277 Peerlkampius:
753 1197 880 1270 „Melius
914 1199 1080 1280 distingue:
1117 1199 1278 1268 tiromisso,

127 1306 230 1361 donum
254 1305 378 1374 lln'm'ue,
401 1305 435 1360 de
458 1322 482 1360 c.
506 1322 532 1361 n.
579 1304 610 1360 ln
643 1303 730 1361 basta
758 1323 821 1361 cam
843 1307 954 1380 cirpiae
976 1303 1104 1384 inprimis
1126 1306 1207 1378 sirpo
1229 1321 1276 1361 co·

125 1408 257 1488 gitatur,
291 1408 375 1487 qnasi
404 1392 555 1486 legeretur
583 1411 664 1484 nirpo
696 1427 758 1466 cam
798 1411 885 1466 basta.
938 1408 1054 1490 Virgo
1083 1415 1148 1467 erat
1169 1409 1274 1466 donum

125 1513 265 1585 Triviae,
296 1532 380 1593 quam
404 1513 498 1571 Diana
528 1523 673 1575 servatam
705 1515 781 1594 patri
814 1514 962 1573 donasset.
1008 1515 1046 1572 llt
1069 1513 1112 1572 sic
1133 1513 1271 1571 Burman·

124 1637 192 1676 num
215 1618 364 1698 accepisse
386 1637 462 1677 nunc
484 1619 579 1678 video.
632 1620 761 1696 lleynins
782 1619 883 1678 'miuus
915 1627 996 1678 recte
1018 1621 1119 1676 donam
1143 1638 1181 1678 ex
1203 1626 1274 1678 voto

126 1723 250 1785 Triviae
273 1723 434 1804 explicat.”
479 1723 538 1782 Sed
568 1732 665 1782 tanuen
696 1744 732 1782 ea
754 1722 1009 1803 interpunctione,
1040 1725 1153 1783 adscita
1181 1723 1276 1783 aLa·
1337 1735 1339 1738 “

124 1828 254 1910 dewigio
279 1837 309 1888 et
331 1830 477 1908 llauptio,
501 1849 556 1886 non
579 1828 769 1909 prohibetur,
804 1849 839 1890 ne
863 1831 926 1909 quis
949 1829 1073 1890 Triviae
1095 1829 1200 1887 donum
1234 1829 1276 1887 itu

128 1931 296 2014 intelligat,
328 1942 362 1992 ut
391 1934 538 1993 intellexit
562 1935 705 2012 lleynius3
739 1953 928 2014 quamquam,
952 1934 1000 2014 qni
1023 1935 1164 2015 vulgares
1187 1953 1275 2013 appo·

126 2038 249 2097 sitiones
274 2039 361 2098 nullis
383 2039 535 2098 commatis
558 2058 577 2097 a
598 2039 713 2118 reliqua
735 2039 871 2099 oratione
894 2048 1050 2119 separant,
1073 2037 1276 2119 perspicuitati
1306 2049 1308 2059 ’
1343 2109 1344 2114 ¹

129 2141 279 2214 servient,
301 2142 326 2201 si
349 2143 392 2202 ita
415 2142 659 2222 interpunxerint.

552 2378 840 2390 n-—un-t—-u

213 2551 316 2624 Vides,
345 2551 586 2612 amicissime
618 2551 803 2622 Antbo'ni,
834 2551 950 2610 multam
982 2552 1028 2610 bic
1057 2553 1189 2613 crambes
1222 2555 1273 2614 ite·

124 2677 187 2718 ram
210 2658 278 2717 mibi
300 2658 479 2737 coquendam
500 2656 609 2730 fuisse3
642 2657 693 2716 sed
717 2676 774 2736 quo
799 2655 845 2715 vel
866 2655 910 2714 bis
933 2664 1019 2714 cocta
1043 2677 1099 2715 non
1122 2659 1271 2718 amitteret

124 2783 258 2844 soporem
282 2763 467 2843 taediumque
490 2769 616 2842 pareret,
640 2760 750 2832 curavi,
774 2769 912 2841 quantum
936 2761 1029 2840 potui,
1051 2769 1085 2820 ut
1108 2763 1175 2822 novi
1201 2764 1272 2823 solis

124 2871 198 2928 mica
220 2868 397 2928 condiretur.
454 2867 528 2932 uuis
551 2874 648 2925 autem
672 2865 759 2945 paulu
783 2865 967 2924 tolerabilior
998 2867 1085 2926 bomo
1109 2887 1165 2926 non
1190 2869 1272 2927 malit

126 2993 196 3038 vera
218 2973 329 3043 dicere,
362 2990 446 3051 quam
476 2969 576 3051 falsat
620 2970 752 3040 Tamen,
780 2989 855 3048 quac
885 2975 932 3028 est
953 2969 1137 3030 imbecillitas
1166 2973 1272 3032 mentis

127 3069 287 3148 humanae,
310 3095 415 3154 saepe,
439 3075 516 3155 qnod
539 3075 605 3133 aliis
629 3075 745 3148 accidit,
764 3074 831 3132 mibi
855 3093 970 3153 qnoque
993 3075 1124 3136 accidere
1148 3079 1271 3150 memini,

124 3191 175 3256 ut,
199 3184 264 3241 dum
286 3181 439 3242 verissima
462 3181 606 3239 disserere
630 3180 696 3239 mibi
719 3180 841 3250 videor,
872 3180 901 3238 in
933 3200 1057 3261 magnos
1081 3202 1198 3242 errores
1221 3184 1269 3240 im·

124 3288 259 3369 plicarer.
305 3288 406 3353 Quare
428 3286 603 3367 gratulabor
626 3286 710 3356 mibi,
741 3285 767 3344 si
797 3286 833 3344 de
856 3287 965 3346 maiore
988 3287 1093 3346 saltem
1116 3296 1199 3370 parte
1221 3308 1268 3348 eo·

123 3379 209 3466 rum,
228 3411 302 3473 quae
326 3391 486 3472 disputavi,
510 3390 599 3449 Tibi
623 3408 808 3469 persuasero.
879 3385 882 3390 ‘

209 3497 287 3556 Usus
311 3518 372 3556 sum
397 3497 424 3554 in
448 3497 502 3556 bac
525 3496 652 3575 epistola
667 3495 775 3554 Latina
799 3514 943 3566 sermone,
967 3494 1015 3575 qui
1032 3495 1100 3555 olim
1119 3517 1269 3558 commune

121 3603 245 3662 literarii
268 3602 431 3662 commercii
454 3602 599 3661 vinculum
622 3600 781 3660 habebatur
810 3608 841 3660 et
868 3600 896 3658 in
921 3620 978 3680 quo
1001 3602 1103 3661 melius
1126 3603 1183 3662 Te
1206 3623 1268 3664 ver·

121 3718 219 3770 saturn
243 3708 461 3780 existimabam,
495 3729 579 3789 quam
604 3709 631 3766 in
656 3707 845 3778 Germanico,
874 3706 942 3765 nibil
972 3709 1118 3767 reveritus
1142 3728 1266 3789 quorun·

127 3817 208 3886 dam,
232 3812 280 3892 qui
304 3832 396 3893 nuper
418 3813 609 3882 exstiterunt,
633 3814 766 3872 iuvenum
790 3811 960 3882 calumnias,
982 3811 1030 3891 qui
1054 3812 1139 3870 bodie
1162 3814 1267 3873 Latino

122 3919 260 3988 scribant,
284 3937 336 3977 eos
361 3917 429 3975 nibil
453 3919 591 3977 eslribere
614 3917 667 3976 sibi
689 3917 779 3977 videri
804 3916 1008 3986 dictitantium,
1032 3916 1087 3975 nisi
1109 3918 1266 3997 specimina

121 4025 262 4104 quaedam
285 4022 472 4082 scholastica.
517 4023 583 4081 Sint
605 4022 666 4092 illa,
691 4020 828 4100 quidquid
851 4021 900 4078 isti
922 4020 1036 4092 volunt,
1058 4021 1123 4079 dum
1148 4042 1183 4080 ne
1207 4023 1266 4081 sint

123 4129 277 4189 sollertiae
300 4128 509 4207 doctrinaeque
533 4128 683 4207 expertia3
708 4133 760 4185 aut
781 4125 836 4206 ipsi
858 4123 980 4196 faciant,
1005 4125 1029 4182 si
1053 4136 1186 4205 possunt,
1209 4146 1265 4185 me·

121 4233 207 4295 liora.
255 4233 319 4292 llrit
340 4241 436 4294 autem
461 4234 571 4304 Tibi,
596 4233 740 4313 optime
763 4230 947 4302 bothoni,
969 4228 1165 4304 satisfactum,
1188 4233 1212 4292 ai
1236 4233 1265 4292 in

121 4340 174 4399 tali
198 4359 309 4421 genere
329 4339 517 4420 scriptionis,
550 4338 627 4418 quod
650 4335 802 4397 brevitatis
832 4355 921 4394 consa
944 4336 1031 4396 etiam
1054 4339 1194 4418 quaedam
1218 4339 1265 4404 ad·
