2940 4894
488 235 635 290 Lectiones
652 235 838 306 Vergilianas.
1171 241 1233 322 101

228 387 408 451 Gonrolsurn
430 388 517 450 renis
540 391 707 472 rostrisque
729 392 907 453 tridentibus
929 411 1050 474 aequor.

222 495 290 558 Non
313 502 373 554 tans
395 495 625 575 praecipitas
648 497 748 580 biiugo
772 499 934 559 eartanrioa
956 518 1086 582 eampum

225 599 466 680 corripuere
487 609 635 682 ruuntque
657 603 778 663 effusi
799 623 960 666 carcero
982 625 1101 679 eunus,
1124 615 1198 666 cst.-

86 707 161 774 Qno
186 707 304 766 tondens
326 706 406 767 dices
429 707 577 786 pertinere
601 708 675 768 bane
697 711 958 791 comparationem,
982 712 1008 772 si
1030 731 1088 772 non
1111 687 1242 792 pertinet

84 813 129 872 ad
144 810 350 872 declarandam
366 809 548 871 celeritatem
566 813 681 873 navium
699 834 736 873 an
750 812 855 875 finibus
870 818 935 894 suis
948 816 1183 897 prosilientiuml
1200 807 1240 872 -i
1321 843 1327 858 ·

85 917 264 988 Audiamus,
300 933 376 996 qnae
398 923 576 997 sequuntur:
607 918 688 990 „Pro
710 921 812 994 ficibus
834 921 898 983 rix.
914 921 1014 981 dubito
1045 922 1114 1002 quin
1141 921 1241 1002 legen·

85 1024 183 1097 „duur
205 1022 246 1082 sit
266 1023 384 1080 sedibus.
429 1022 545 1084 Nautce
568 1023 765 1098 sedebant,
787 1024 923 1088 broccbia
946 1027 1033 1087 remis
1057 1027 1170 1087 intenta
1192 1026 1240 1085 ba·

86 1129 221 1201 „bontas
244 1133 275 1187 et
292 1126 407 1208 signum
431 1134 650 1207 exspectantes.
707 1127 762 1188 Vix
799 1130 916 1212 signum
950 1131 1142 1202 audiverant,
1177 1151 1240 1190 cum

86 1234 181 1306 „sine
203 1249 286 1290 more
308 1231 450 1304 emicant,
472 1232 509 1292 da
530 1231 646 1304 sqdibus
671 1233 794 1315 quisque
817 1235 878 1295 suis
901 1236 1074 1317 prosiliunt,
1108 1235 1239 1298 lacertos

86 1338 275 1412 „adducunt,
307 1344 339 1396 et
360 1338 474 1418 pariter
493 1337 593 1397 sulcos
624 1337 779 1400 infindunt.
834 1339 1045 1402 Prosiliunt
1075 1342 1119 1401 da
1149 1340 1242 1401 sedi·

2 1434 10 1455 '
85 1445 197 1518 „bns,
227 1450 370 1524 surgunt,
399 1448 434 1502 ut
460 1462 497 1503 ao
528 1443 730 1508 ,vehementius
759 1464 857 1508 ramos
887 1446 924 1505 ed
951 1455 1075 1528 pectore
1101 1446 1239 1508 ducant’.

84 1552 129 1613 Δι
153 1549 242 1610 etiarn
265 1555 355 1628 post
377 1548 506 1608 datum
527 1547 680 1631 signum
704 1550 816 1612 sedisse
839 1558 945 1612 nautas
970 1552 1076 1632 probat
1101 1553 1239 1626 vs.2073

84 1655 127 1717 ihi
151 1655 264 1714 domurn
287 1658 535 1734 consurgunt,
565 1654 633 1733 quia
656 1653 773 1728 contis,
794 1673 853 1715 uon
877 1655 982 1729 ιαιαίι,
1015 1663 1075 1716 turn
1103 1656 1240 1718 utendum

86 1765 169 1822 erat.
192 1789 236 1804 --
279 1757 492 1837 Progredimur
523 1757 561 1817 ed
584 1768 746 1818 extremum
773 1766 886 1840 partem
908 1760 1117 1840 disputationis
1140 1763 1239 1824 Peerl-

84 1864 286 1947 kampianae:
320 1861 485 1943 „Virgilius
510 1869 542 1921 et
571 1862 622 1922 alii
644 1863 701 1923 boo
724 1872 832 1925 vocant
858 1869 943 1924 remis
965 1869 1132 1945 ιὀιιινςιιε,
1165 1869 1240 1930 Aen.

88 1972 145 2044 ‚,3,
172 1970 255 2029 2072
290 1971 376 2026 remis
410 1971 590 2044 ιἰιιαιριοιαε.
633 1967 675 2026 lbi
705 1968 827 2030 Servius
849 1968 1076 2049 interpretatur:
1110 1995 1240 2036 exsur·

86 2080 265 2156 „gentes
288 2071 443 2133 fortius
464 2072 712 2154 remigamus.
763 2073 841 2133 ldenr
863 2073 901 2134 od
924 2075 954 2147 b,
982 2077 1060 2150 189,
1090 2081 1138 2140 ubi
1159 2081 1239 2142 Moe·

86 2179 217 2252 „stheus
240 2178 339 2238 socios
368 2177 507 2238 bortatur
528 2197 621 2252 cone,
654 2198 730 2238 ιιιιιιο
751 2181 888 2256 ιἰιειιιρύιε
909 2182 1011 2253 remo,
1039 2184 1169 2263 explieat
1202 2206 1240 2248 ox

86 2284 254 2359 ,contrario
278 2283 354 2367 apud
377 2283 490 2346 Lucan.
508 2285 539 2356 3,
563 2284 626 2344 543
650 2285 737 2360 Atque
758 2287 790 2342 ιἰι
812 2294 940 2344 ιιαοιινσ
962 2289 1069 2346 codrot
1097 2300 1125 2349 et
1153 2295 1239 2350 remis

87 2400 230 2466 ,ρεοιοια
248 2391 369 2465 subnot.
415 2387 548 2461 0usnino,
574 2388 652 2468 quod
675 2397 790 2450 stantes
812 2388 953 2481 iacimus,
983 2391 1107 2454 fecimus
1130 2396 1241 2458 maiora

89 2515 179 2570 „cuns
202 2496 327 2574 inipetu,
360 2513 445 2578 quarn
470 2495 638 2555 sedentes''.
692 2495 825 2556 Servium
848 2495 922 2555 artis
945 2498 1107 2581 remigandi
1137 2521 1239 2581 parum

88 2605 216 2688 peritum
240 2602 334 2662 fuisse
349 2603 544 2684 cognoscitur
565 2623 602 2662 ex
626 2622 673 2675 eo,
696 2603 773 2683 quod
788 2607 937 2680 iosorqers
957 2611 1043 2685 putat
1063 2607 1137 2668 idenr
1161 2629 1237 2682 asse

89 2710 171 2792 quod
195 2727 364 2785 ersmers,-
399 2727 452 2768 nec
479 2728 578 2770 verum
602 2715 664 2780 est,
694 2708 771 2788 quod
795 2709 838 2767 ait
858 2709 1098 2792 Peerlkampius,
1130 2715 1237 2788 omnia,

88 2834 167 2896 quoa
191 2820 305 2874 stantes
327 2811 480 2886 faciamus,
503 2812 568 2872 fieri
590 2811 710 2872 fortius.
767 2814 856 2873 lmmo
886 2814 996 2876 maiore
1019 2836 1080 2876 oum
1105 2819 1134 2879 vi
1156 2821 1238 2880 remi·

88 2930 168 3005 gant
199 2922 355 2993 sedentes,
386 2940 471 3000 quaro
502 2929 627 2981 stantes.
680 2921 764 2987 Quae
794 2941 858 2981 cum
890 2943 998 3004 magna
1027 2926 1164 3006 agilitate
1194 2931 1238 2987 toss

89 3029 153 3090 tius
186 3028 321 3108 corporis
350 3025 486 3086 facienda
519 3033 599 3099 sunt,
623 3026 783 3086 camelius
806 3025 1108 3105 fiuntastantibus3
1138 3040 1170 3092 at
1193 3053 1238 3094 ra·

88 3131 234 3214 migetio,
265 3151 340 3212 quae
363 3130 455 3191 solam
479 3150 570 3212 prope
593 3130 771 3191 lacertorum
794 3134 851 3194 vim
874 3134 1020 3215 roburque
1043 3125 1173 3217 pectoris
1192 3159 1237 3198 re·

87 3238 196 3320 quirit,
231 3237 431 3297 vehementior
461 3237 536 3308 erit,
568 3236 594 3295 si
626 3257 683 3295 non
713 3257 782 3316 pars
808 3238 911 3299 virium
935 3240 1041 3300 stando
1062 3241 1237 3316 detrahitur,

88 3342 274 3422 validiorque
296 3349 328 3402 et
350 3341 445 3423 magis
467 3350 627 3422 perpetuus
649 3341 679 3400 in
696 3361 731 3402 ea
748 3362 781 3401 ra
797 3351 843 3402 est
860 3342 940 3404 nisus
955 3345 1127 3418 sedentium,
1151 3366 1236 3427 qna-m

89 3429 244 3510 stantium.
288 3448 385 3529 Atque
409 3449 481 3507 baec
503 3449 546 3506 ita
564 3451 641 3520 asse,
663 3455 697 3506 ιιι
714 3448 785 3521 dixi,
808 3455 967 3522 testantur,
991 3471 1065 3531 quos
1087 3451 1151 3532 ipse
1173 3471 1236 3532 por·

88 3562 230 3615 eontatns
254 3573 327 3625 sum,
358 3554 443 3612 buius
465 3552 508 3612 rei
530 3553 617 3632 periti
639 3553 669 3612 iu
692 3573 784 3634 eaque
807 3555 972 3616 exercitati.
1029 3557 1105 3623 ouis
1127 3557 1168 3617 sit
1189 3577 1236 3616 re·

87 3664 143 3720 mis
165 3664 321 3734 ιἰιιαιριιε,
345 3658 433 3717 docet
454 3657 599 3717 Graecum
622 3658 740 3718 verbum
762 3657 924 3739 προνεύειν.
969 3660 1111 3738 Polybius
1133 3661 1169 3721 de
1192 3662 1234 3720 in·

90 3765 248 3827 stitutione
270 3763 415 3844 remigum
437 3764 635 3822 Romanorum
659 3763 703 3823 ita
725 3763 827 3824 scribit
852 3768 879 3838 l,
903 3767 942 3826 21
961 3767 1234 3842 „scaranem

89 3869 139 3934 ἐπί
159 3871 218 3932 τῶν
239 3867 371 3950 εἰρεσιῶν
395 3865 427 3929 ἰν
448 3870 481 3950 τῇ
499 3872 596 3950 χέρσῳ
614 3865 680 3943 τοὺς
699 3866 820 3953 ἄνδρας,
844 3866 892 3948 τὴν
906 3868 993 3950 αὐτὴν
1014 3870 1131 3953 ἔχοντας
1151 3845 1235 3945 τύξύι

89 3981 152 4052 ταῖς
175 3971 217 4037 ἐπ’
241 3971 336 4036 adsuit
357 3976 415 4037 τῶν
435 3975 550 4037 πλοίων
564 3972 738 4057 rabsacen,
761 3981 854 4057 μέσον
875 3973 909 4038 d’
932 3975 963 4040 ἔν
985 3974 1083 4053 αὐτοῖς
1104 3977 1231 4056 στήσαν-

87 4105 133 4156 τες
163 4077 211 4142 τὸν
240 4075 402 4156 retroneis,
426 4079 494 4160 ἅμα
516 4078 627 4154 πάντας
655 4077 888 4144 ἀναπίπτειν
911 4082 1069 4164 (reclinare
1099 4080 1146 4162 se)
1176 4076 1231 4166 ἔφ’
1297 4101 1300 4124 ·

89 4183 228 4259 αύτούς
256 4183 424 4265 ἄγοντας
452 4182 514 4260 τὰς
537 4191 693 4268 χεῖρας,
728 4191 780 4249 καί
800 4185 890 4251 πάλιν
915 4186 1132 4269 προνεύειν
1152 4185 1232 4261 ἔξω·

88 4293 220 4364 &oinos
240 4288 344 4364 ταύτας
375 4287 570 4365 συνείθιζον.π
628 4291 756 4351 Primum
786 4293 815 4352 in
844 4310 880 4352 ea
906 4310 938 4352 re
969 4299 1034 4351 erat
1062 4291 1231 4367 καθῆσθαι,

91 4396 215 4462 alterurn
236 4393 402 4479 προνεύειν,
433 4393 763 4476 tertiusdecimus,
796 4415 854 4488 quo
878 4397 979 4465 ordre
1002 4397 1074 4458 boec
1097 4396 1181 4490 ponit
1202 4397 1231 4472 iq
