2940 4894
490 264 635 316 Lectiones
653 263 835 332 Vergilianum

180 417 218 478 0.
240 422 271 489 d,
297 421 348 478 tt.
715 419 816 478 uma

263 523 412 600 ἡμῶν
433 541 452 582 e
474 523 589 582 antuus
610 524 710 584 muse.

91 645 126 702 et
149 645 263 704 uotum
284 663 360 704 unus
382 643 547 714 Medieeus,
577 644 669 704 ueteri
698 663 717 702 o
738 643 859 703 sumus.
903 643 945 704 Ao
967 613 1114 723 receptum
1136 666 1155 705 o
1176 647 1231 707 La·

90 749 222 830 dewigio
248 755 279 808 et
300 748 336 808 ob
358 746 498 827 Hauptio.
543 748 667 809 Sedes.
695 750 752 810 191
778 749 807 806 in
831 747 960 808 omnibus
983 749 1064 808 libris
1086 756 1132 810 est
1154 754 1233 824 „Nae

88 871 159 912 aero
189 873 209 912 a
241 852 365 914 stabulis
391 855 488 927 ptuoio
517 855 683 927 inpendente
710 849 877 924 reoeduot”;
909 871 963 912 neo
991 854 1133 915 editorum
1156 855 1232 934 quis·

90 977 179 1039 quem
202 958 240 1017 ihi
263 957 480 1037 exprimendum
502 958 616 1020 curavit
637 959 682 1019 ot.
726 959 830 1018 Teuta
860 965 908 1020 est
929 964 1025 1017 sutem
1048 960 1157 1018 horum
1170 979 1233 1019 ver·

91 1083 178 1124 suum
202 1062 373 1134 similitudo,
395 1070 430 1122 ut
450 1061 550 1122 faeere
573 1083 631 1123 non
654 1063 810 1144 possimus,
832 1063 901 1144 quin
924 1063 1085 1145 Vergilium
1107 1071 1233 1145 utroque

91 1171 161 1232 loeo
183 1176 237 1229 out
258 1187 277 1226 o
299 1175 350 1226 aut
379 1168 416 1227 ad
444 1168 598 1247 scripsisse
628 1175 802 1229 statuamus.
846 1169 952 1231 Verum
975 1190 1037 1230 eum
1061 1172 1136 1252 apud
1158 1173 1233 1232 huno

94 1281 213 1355 poetam
239 1291 380 1352 nusquam
421 1272 668 1351 proepositionem
703 1275 738 1330 ot
776 1280 845 1334 ante
874 1274 1046 1337 vocobulum
1082 1277 1234 1356 anapaesti

93 1399 258 1440 mensurum
281 1377 390 1437 hebens
413 1377 539 1456 positam
561 1377 750 1456 reppererim,
774 1379 938 1440 consultius
965 1380 1035 1440 duxi
1056 1381 1184 1442 retinere
1207 1383 1236 1442 id

95 1485 173 1565 qnod
200 1483 290 1544 semel
322 1483 398 1542 edidi
425 1499 453 1541 o.
499 1482 586 1541 Levis
621 1481 738 1543 videtur
763 1482 815 1544 ille
845 1485 1031 1558 observatio,
1063 1487 1114 1546 sed
1150 1505 1236 1569 quam

95 1591 172 1651 haud
196 1588 435 1648 contemnendam
455 1585 655 1647 indicaverim.

182 1711 220 1774 G.
245 1715 275 1786 d,
299 1713 373 1773 202.
418 1711 491 1770 200.
513 1712 591 1784 ipsos
612 1729 628 1768 e
647 1711 725 1784 soliis
745 1719 826 1768 outoe
847 1720 875 1770 at
894 1713 1022 1772 aouoidus
1043 1714 1136 1773 uerte
1252 1725 1257 1742 ⁴

419 1815 475 1872 Ore
496 1815 596 1889 tepeat,
618 1816 696 1888 ipsae
716 1831 811 1890 sepem
829 1831 987 1891 paruosque
1010 1818 1131 1890 Quirites

419 1922 577 1994 Sufficiunt,
599 1921 731 1995 aulaeque
744 1930 771 1978 et
782 1937 867 1978 cereo
879 1939 970 1998 repon
980 1921 1142 2004 retinguet.

96 2050 218 2122 reliquo!
240 2041 430 2124 Ladewigins
460 2041 624 2113 revocavit,
657 2041 801 2121 Hauptius
833 2049 929 2116 tenet,
959 2046 1037 2124 quod
1066 2065 1125 2126 ego
1152 2046 1238 2120 edidi,

97 2156 247 2228 refiopuot.
290 2148 335 2207 De
364 2167 397 2206 re
426 2147 515 2206 mira
544 2166 577 2205 se
607 2146 749 2206 dicturum
778 2145 936 2228 profitetur
966 2157 1055 2230 poeta
1086 2170 1130 2212 vs.
1160 2152 1237 2226 1973

98 2264 187 2339 atque
209 2254 282 2313 illud
304 2253 418 2312 minime
441 2252 648 2323 admirandum,
671 2253 748 2332 quod
771 2271 855 2312 eeras
876 2261 1009 2314 resectas
1031 2253 1167 2316 refieiuut
1189 2275 1237 2316 ra·

97 2358 321 2441 figuntque3
353 2364 386 2416 at
411 2357 468 2416 hoo
496 2363 543 2416 eat
572 2355 720 2428 mirabile,
754 2358 832 2438 qnod
861 2356 1068 2441 refingunt
1096 2360 1180 2420 aulus
1209 2369 1240 2422 et

97 2484 193 2544 regna
215 2482 311 2533 cerea,
334 2481 427 2522 nosos
449 2480 539 2541 reges
562 2480 724 2540 novumque
739 2460 878 2542 populum
900 2483 1015 2544 semper
1036 2485 1074 2525 ex
1095 2464 1176 2526 foliis
1199 2466 1237 2526 le·

99 2577 216 2654 gentes.
261 2567 335 2626 Huic
363 2567 414 2625 uni
448 2565 613 2626 sententiae
641 2566 820 2646 respondent
847 2567 950 2642 etiam,
980 2589 1055 2649 quae
1084 2590 1144 2633 vss.
1175 2572 1237 2632 200

100 2696 164 2756 sqq.
188 2673 393 2758 subiiciuntur:

230 2779 312 2857 Ergo
336 2777 414 2855 ipses
436 2775 566 2855 quamvis
588 2774 710 2856 angusti
733 2774 873 2835 terminus
896 2775 961 2835 aevi

231 2882 386 2961 Excipiat3
413 2881 602 2960 nequeenim
624 2880 690 2960 pius
712 2880 835 2959 septima
857 2880 973 2939 dueitur
995 2888 1111 2952 aestas,-

230 2987 269 3046 At
291 3005 387 3067 genus
410 2985 565 3044 inmortale
588 2991 695 3056 manet,
717 2994 769 3044 oet.

101 3094 208 3153 Verum
237 3091 416 3171 ineptissime
446 3091 537 3162 haee,
569 3109 634 3148 eum
668 3110 728 3151 vas.
753 3090 922 3150 197-202
945 3088 1156 3149 sententiarum
1176 3088 1237 3148 uni·

100 3209 163 3259 tate
186 3197 357 3266 ooniunota,
387 3195 637 3274 interrumpuntur
665 3193 796 3253 versibus
818 3193 909 3253 tribus
932 3193 1114 3274 interpositis
1136 3194 1174 3252 ad
1195 3192 1237 3253 fo·

101 3302 233 3363 siendum
254 3299 321 3370 mel,
343 3317 404 3356 rem
426 3297 580 3370 diversam,
602 3297 820 3376 spectantibus:

232 3423 329 3501 Saepe
351 3421 438 3480 etiam
460 3421 540 3479 duris
563 3420 688 3479 errando
710 3420 740 3479 in
761 3419 875 3480 cotibus
896 3419 961 3478 olas

223 3527 380 3607 ,Attrivere
401 3526 539 3605 ultroque
562 3525 685 3585 animam
707 3524 759 3584 suis
781 3523 864 3584 fasce
886 3525 1004 3586 dedere:

232 3633 352 3692 Tantus
374 3651 456 3690 amor
477 3628 582 3714 florum
604 3638 636 3691 et
656 3630 818 3713 generandi
840 3630 939 3712 glorio
960 3627 1075 3690 mellis!

104 3763 207 3839 itaque
228 3755 365 3818 stellulae
387 3755 432 3814 his
454 3755 585 3818 versibus
607 3755 637 3814 in
660 3754 787 3814 editione
803 3753 914 3813 minore
933 3751 1067 3832 apposui,
1089 3773 1147 3815 uon
1163 3751 1240 3832 quod

107 3886 125 3925 a
146 3861 280 3943 Vergilio
308 3881 451 3940 proeusos
472 3881 627 3942 negarem,
659 3863 710 3922 sed
732 3862 827 3943 quod,
854 3868 892 3937 ut·
909 3860 971 3920 dixi
992 3861 1021 3920 in
1044 3880 1079 3920 eu
1101 3859 1239 3932 editione,

107 3990 164 4030 non
194 3987 249 4030 suo
278 3967 345 4026 loeo
375 3966 465 4046 positi
491 3972 569 4026 suut.
622 3967 684 4030 idus
719 3965 855 4026 stellulae
883 3965 1008 4026 removit
1039 3963 1239 4048 hadewigiuq

109 4072 246 4156 (removit
267 4069 355 4130 etiem
377 4070 536 4149 Hauptius)
567 4089 677 4150 eosque
699 4089 802 4134 versus
823 4070 900 4130 huno
920 4069 950 4128 in
972 4069 1086 4132 modum
1108 4086 1171 4128 eum
1194 4085 1239 4126 su·

107 4178 268 4258 parionibus
289 4178 449 4238 cohaerere
470 4176 550 4248 ruit,
578 4183 611 4236 ut
632 4177 711 4236 dieat
732 4182 817 4235 teuto
837 4193 909 4254 apes
930 4171 1003 4234 ferri
1031 4173 1129 4235 studio
1151 4181 1240 4233 niuta-

108 4287 169 4346 riae
190 4284 227 4343 ad
249 4281 469 4364 propagandam
491 4282 601 4360 prolem
623 4301 661 4342 ex
689 4278 809 4342 floribus
838 4278 1046 4359 colligendos,
1072 4287 1106 4338 ut
1134 4298 1240 4340 oseem

109 4394 137 4452 in
159 4379 317 4470 perieulum
339 4394 436 4448 ruent.
480 4386 538 4446 Sed
561 4394 650 4465 poeta
671 4386 734 4465 ipse
756 4385 814 4463 (vs.
838 4384 899 4444 205
923 4383 1065 4456 „Tantus
1087 4402 1169 4444 emor
1189 4382 1241 4445 do·
