<?xml version="1.0" encoding="UTF-8"?>
<!DOCTYPE html PUBLIC "-//W3C//DTD XHTML 1.0 Transitional//EN"
    "http://www.w3.org/TR/xhtml1/DTD/xhtml1-transitional.dtd">
<html xmlns="http://www.w3.org/1999/xhtml" xml:lang="en" lang="en">
 <head>
  <title>
</title>
<meta http-equiv="Content-Type" content="text/html;charset=utf-8" />
  <meta name='ocr-system' content='tesseract 3.04.00' />
  <meta name='ocr-capabilities' content='ocr_page ocr_carea ocr_par ocr_line ocrx_word'/>
</head>
<body>
  <div class='ocr_page' id='page_1' title='image "./lectionumvergil00wagngoog_0050.png"; bbox 0 0 2960 4898; ppageno 0'>
   <div class='ocr_carea' id='block_1_1' title="bbox 470 242 1320 314">
    <p class='ocr_par' dir='ltr' id='par_1_1' title="bbox 470 242 1320 314">
     <span class='ocr_line' id='line_1_1' title="bbox 470 242 1320 314; baseline 0.014 -18"><span class='ocrx_word' id='word_1_1' title='bbox 470 247 615 302; x_wconf 72' lang='lat' dir='ltr'><strong>Lectiones</strong></span> <span class='ocrx_word' id='word_1_2' title='bbox 633 245 816 314; x_wconf 70' lang='lat' dir='ltr'><strong>Vergilium.</strong></span> <span class='ocrx_word' id='word_1_3' title='bbox 1173 242 1217 308; x_wconf 76' lang='lat'><strong>48</strong></span> <span class='ocrx_word' id='word_1_4' title='bbox 1317 307 1320 312; x_wconf 91' lang='grc'>,</span> 
     </span>
    </p>
   </div>
   <div class='ocr_carea' id='block_1_2' title="bbox 41 369 1217 4484">
    <p class='ocr_par' dir='ltr' id='par_1_2' title="bbox 41 369 1217 4484">
     <span class='ocr_line' id='line_1_2' title="bbox 91 369 1215 478; baseline -0.005 -12"><span class='ocrx_word' id='word_1_5' title='bbox 91 405 119 466; x_wconf 89' lang='lat' dir='ltr'><strong>ed</strong></span> <span class='ocrx_word' id='word_1_6' title='bbox 137 403 253 464; x_wconf 84' lang='lat' dir='ltr'><strong>alteram</strong></span> <span class='ocrx_word' id='word_1_7' title='bbox 276 403 431 465; x_wconf 86' lang='lat' dir='ltr'><strong>lectionem</strong></span> <span class='ocrx_word' id='word_1_8' title='bbox 453 403 648 475; x_wconf 73' lang='lat' dir='ltr'><strong>strepitumque</strong></span> <span class='ocrx_word' id='word_1_9' title='bbox 668 401 769 460; x_wconf 82' lang='lat' dir='ltr'><strong>bausit.</strong></span> <span class='ocrx_word' id='word_1_10' title='bbox 813 399 945 478; x_wconf 86' lang='lat' dir='ltr'><strong>Utraque</strong></span> <span class='ocrx_word' id='word_1_11' title='bbox 968 369 1075 471; x_wconf 75' lang='lat' dir='ltr'><strong>lectio,</strong></span> <span class='ocrx_word' id='word_1_12' title='bbox 1106 399 1131 461; x_wconf 84' lang='lat' dir='ltr'><strong>ri</strong></span> <span class='ocrx_word' id='word_1_13' title='bbox 1152 419 1215 460; x_wconf 85' lang='lat' dir='ltr'><strong>sen·</strong></span> 
     </span>
     <span class='ocr_line' id='line_1_3' title="bbox 91 504 1215 588; baseline -0.004 -20"><span class='ocrx_word' id='word_1_14' title='bbox 91 510 193 569; x_wconf 85' lang='lat' dir='ltr'><strong>tentiam</strong></span> <span class='ocrx_word' id='word_1_15' title='bbox 213 515 349 588; x_wconf 75' lang='lat' dir='ltr'><strong>spectas,</strong></span> <span class='ocrx_word' id='word_1_16' title='bbox 379 507 472 580; x_wconf 82' lang='lat' dir='ltr'><strong>bone3</strong></span> <span class='ocrx_word' id='word_1_17' title='bbox 502 505 554 566; x_wconf 78' lang='lat' dir='ltr'><strong>sed</strong></span> <span class='ocrx_word' id='word_1_18' title='bbox 584 524 622 565; x_wconf 88' lang='lat' dir='ltr'><strong>ex</strong></span> <span class='ocrx_word' id='word_1_19' title='bbox 646 505 782 564; x_wconf 86' lang='lat' dir='ltr'><strong>instituto</strong></span> <span class='ocrx_word' id='word_1_20' title='bbox 813 513 916 566; x_wconf 81' lang='lat' dir='ltr'><strong>nostro</strong></span> <span class='ocrx_word' id='word_1_21' title='bbox 946 504 1107 577; x_wconf 78' lang='lat' dir='ltr'><strong>tuebimur,</strong></span> <span class='ocrx_word' id='word_1_22' title='bbox 1138 506 1215 586; x_wconf 90' lang='lat' dir='ltr'><strong>quod</strong></span> 
     </span>
     <span class='ocr_line' id='line_1_4' title="bbox 92 607 1216 694; baseline -0.002 -22"><span class='ocrx_word' id='word_1_23' title='bbox 92 614 192 694; x_wconf 86' lang='lat' dir='ltr'><strong>praebet</strong></span> <span class='ocrx_word' id='word_1_24' title='bbox 212 615 372 674; x_wconf 88' lang='lat' dir='ltr'><strong>lllediceus.</strong></span> <span class='ocrx_word' id='word_1_25' title='bbox 402 614 502 694; x_wconf 79' lang='lat' dir='ltr'><strong>Negat</strong></span> <span class='ocrx_word' id='word_1_26' title='bbox 523 611 714 693; x_wconf 76' lang='lat' dir='ltr'><strong>Ladewigius</strong></span> <span class='ocrx_word' id='word_1_27' title='bbox 736 610 808 671; x_wconf 81' lang='lat' dir='ltr'><strong>ferri</strong></span> <span class='ocrx_word' id='word_1_28' title='bbox 831 632 920 693; x_wconf 86' lang='lat' dir='ltr'><strong>posse</strong></span> <span class='ocrx_word' id='word_1_29' title='bbox 942 608 973 672; x_wconf 84' lang='lat' dir='ltr'><strong>rb</strong></span> <span class='ocrx_word' id='word_1_30' title='bbox 996 611 1114 692; x_wconf 73' lang='lat' dir='ltr'><strong>imorcer</strong></span> <span class='ocrx_word' id='word_1_31' title='bbox 1135 607 1216 690; x_wconf 81' lang='grc' dir='ltr'><strong><em>πρό-</em></strong></span> 
     </span>
     <span class='ocr_line' id='line_1_5' title="bbox 91 715 1216 798; baseline -0.004 -20"><span class='ocrx_word' id='word_1_32' title='bbox 91 741 168 798; x_wconf 77' lang='grc' dir='ltr'><strong><em>τερον,</em></strong></span> <span class='ocrx_word' id='word_1_33' title='bbox 200 719 278 798; x_wconf 91' lang='lat' dir='ltr'><strong>quod</strong></span> <span class='ocrx_word' id='word_1_34' title='bbox 308 719 348 778; x_wconf 87' lang='lat' dir='ltr'><strong>eit</strong></span> <span class='ocrx_word' id='word_1_35' title='bbox 376 718 405 777; x_wconf 95' lang='lat' dir='ltr'><strong>in</strong></span> <span class='ocrx_word' id='word_1_36' title='bbox 428 718 524 780; x_wconf 84' lang='lat' dir='ltr'><strong>verbis</strong></span> <span class='ocrx_word' id='word_1_37' title='bbox 554 720 684 776; x_wconf 72' lang='lat' dir='ltr'><strong>(lemtim</strong></span> <span class='ocrx_word' id='word_1_38' title='bbox 705 759 713 775; x_wconf 93' lang='lat'><em>.</em></span> <span class='ocrx_word' id='word_1_39' title='bbox 737 759 745 774; x_wconf 90' lang='lat'><em>.</em></span> <span class='ocrx_word' id='word_1_40' title='bbox 767 718 865 775; x_wconf 80' lang='lat' dir='ltr'><strong>bresit.</strong></span> <span class='ocrx_word' id='word_1_41' title='bbox 908 716 949 776; x_wconf 85' lang='lat' dir='ltr'><strong>At</strong></span> <span class='ocrx_word' id='word_1_42' title='bbox 973 737 1010 776; x_wconf 89' lang='lat' dir='ltr'><strong>oe</strong></span> <span class='ocrx_word' id='word_1_43' title='bbox 1033 723 1079 776; x_wconf 87' lang='lat' dir='ltr'><strong>est</strong></span> <span class='ocrx_word' id='word_1_44' title='bbox 1102 715 1216 798; x_wconf 87' lang='lat' dir='ltr'><strong>quidem</strong></span> 
     </span>
     <span class='ocr_line' id='line_1_6' title="bbox 91 821 1214 904; baseline 0 -22"><span class='ocrx_word' id='word_1_45' title='bbox 91 823 161 882; x_wconf 88' lang='lat' dir='ltr'><strong>ullum</strong></span> <span class='ocrx_word' id='word_1_46' title='bbox 182 823 230 882; x_wconf 87' lang='lat' dir='ltr'><strong>bic</strong></span> <span class='ocrx_word' id='word_1_47' title='bbox 251 822 371 904; x_wconf 72' lang='grc' dir='ltr'><strong>ὕστερον</strong></span> <span class='ocrx_word' id='word_1_48' title='bbox 390 821 540 904; x_wconf 76' lang='grc' dir='ltr'><strong>πρότερον.</strong></span> <span class='ocrx_word' id='word_1_49' title='bbox 592 822 720 881; x_wconf 87' lang='lat' dir='ltr'><strong>Primum</strong></span> <span class='ocrx_word' id='word_1_50' title='bbox 751 822 826 880; x_wconf 88' lang='lat' dir='ltr'><strong>enim</strong></span> <span class='ocrx_word' id='word_1_51' title='bbox 849 821 964 882; x_wconf 81' lang='lat' dir='ltr'><strong>Aeneas</strong></span> <span class='ocrx_word' id='word_1_52' title='bbox 997 822 1125 883; x_wconf 78' lang='lat' dir='ltr'><strong>cohibuit</strong></span> <span class='ocrx_word' id='word_1_53' title='bbox 1146 841 1214 903; x_wconf 79' lang='lat' dir='ltr'><strong>gra·</strong></span> 
     </span>
     <span class='ocr_line' id='line_1_7' title="bbox 90 923 1216 1007; baseline -0.001 -19"><span class='ocrx_word' id='word_1_54' title='bbox 90 929 159 1000; x_wconf 90' lang='lat' dir='ltr'><strong>don,</strong></span> <span class='ocrx_word' id='word_1_55' title='bbox 179 929 242 989; x_wconf 86' lang='lat' dir='ltr'><strong>sivo</strong></span> <span class='ocrx_word' id='word_1_56' title='bbox 261 929 469 999; x_wconf 74' lang='lat' dir='ltr'><strong>constitit,</strong></span> <span class='ocrx_word' id='word_1_57' title='bbox 492 934 524 988; x_wconf 92' lang='lat' dir='ltr'><strong>et</strong></span> <span class='ocrx_word' id='word_1_58' title='bbox 545 933 698 1006; x_wconf 85' lang='lat' dir='ltr'><strong>postquam</strong></span> <span class='ocrx_word' id='word_1_59' title='bbox 721 925 750 984; x_wconf 91' lang='lat' dir='ltr'><strong>id</strong></span> <span class='ocrx_word' id='word_1_60' title='bbox 771 923 855 996; x_wconf 86' lang='lat' dir='ltr'><strong>fecit,</strong></span> <span class='ocrx_word' id='word_1_61' title='bbox 878 926 1091 1007; x_wconf 74' lang='lat' dir='ltr'><strong>aliquantisper</strong></span> <span class='ocrx_word' id='word_1_62' title='bbox 1112 925 1216 987; x_wconf 88' lang='lat' dir='ltr'><strong>substi·</strong></span> 
     </span>
     <span class='ocr_line' id='line_1_8' title="bbox 90 1031 1217 1110; baseline 0.002 -18"><span class='ocrx_word' id='word_1_63' title='bbox 90 1034 118 1092; x_wconf 91' lang='lat' dir='ltr'><strong>tit</strong></span> <span class='ocrx_word' id='word_1_64' title='bbox 135 1035 230 1094; x_wconf 86' lang='lat' dir='ltr'><strong>eodem</strong></span> <span class='ocrx_word' id='word_1_65' title='bbox 253 1033 333 1105; x_wconf 92' lang='lat' dir='ltr'><strong>loco,</strong></span> <span class='ocrx_word' id='word_1_66' title='bbox 356 1033 418 1094; x_wconf 80' lang='lat' dir='ltr'><strong>eive</strong></span> <span class='ocrx_word' id='word_1_67' title='bbox 440 1033 584 1105; x_wconf 82' lang='lat' dir='ltr'><strong>baesit3</strong></span> <span class='ocrx_word' id='word_1_68' title='bbox 608 1039 638 1090; x_wconf 89' lang='lat' dir='ltr'><strong>ot</strong></span> <span class='ocrx_word' id='word_1_69' title='bbox 660 1031 778 1090; x_wconf 77' lang='lat' dir='ltr'><strong>additur</strong></span> <span class='ocrx_word' id='word_1_70' title='bbox 799 1050 899 1102; x_wconf 83' lang='lat' dir='ltr'><strong>censa,</strong></span> <span class='ocrx_word' id='word_1_71' title='bbox 922 1049 1013 1110; x_wconf 85' lang='lat' dir='ltr'><strong>quere</strong></span> <span class='ocrx_word' id='word_1_72' title='bbox 1035 1031 1217 1094; x_wconf 78' lang='lat' dir='ltr'><strong>substiterit:</strong></span> 
     </span>
     <span class='ocr_line' id='line_1_9' title="bbox 89 1136 1215 1219; baseline 0 -21"><span class='ocrx_word' id='word_1_73' title='bbox 89 1139 244 1219; x_wconf 84' lang='lat' dir='ltr'><strong>strepitu</strong></span> <span class='ocrx_word' id='word_1_74' title='bbox 268 1139 514 1212; x_wconf 83' lang='lat' dir='ltr'><strong>exterritur3</strong></span> <span class='ocrx_word' id='word_1_75' title='bbox 546 1155 621 1216; x_wconf 85' lang='lat' dir='ltr'><strong>quae</strong></span> <span class='ocrx_word' id='word_1_76' title='bbox 651 1155 741 1196; x_wconf 88' lang='lat' dir='ltr'><strong>causa</strong></span> <span class='ocrx_word' id='word_1_77' title='bbox 774 1136 842 1216; x_wconf 87' lang='lat' dir='ltr'><strong>quia</strong></span> <span class='ocrx_word' id='word_1_78' title='bbox 871 1137 1053 1217; x_wconf 86' lang='lat' dir='ltr'><strong>potissimum</strong></span> <span class='ocrx_word' id='word_1_79' title='bbox 1076 1137 1215 1218; x_wconf 86' lang='lat' dir='ltr'><strong>explicet,</strong></span> 
     </span>
     <span class='ocr_line' id='line_1_10' title="bbox 89 1241 1214 1324; baseline 0.002 -22"><span class='ocrx_word' id='word_1_80' title='bbox 89 1263 129 1302; x_wconf 83' lang='lat' dir='ltr'><strong>cnr</strong></span> <span class='ocrx_word' id='word_1_81' title='bbox 147 1245 331 1316; x_wconf 89' lang='lat' dir='ltr'><strong>beeserit,</strong></span> <span class='ocrx_word' id='word_1_82' title='bbox 353 1251 513 1324; x_wconf 86' lang='lat' dir='ltr'><strong>propterea</strong></span> <span class='ocrx_word' id='word_1_83' title='bbox 534 1241 601 1302; x_wconf 87' lang='lat' dir='ltr'><strong>buic</strong></span> <span class='ocrx_word' id='word_1_84' title='bbox 623 1242 712 1304; x_wconf 84' lang='lat' dir='ltr'><strong>verbo</strong></span> <span class='ocrx_word' id='word_1_85' title='bbox 735 1241 872 1301; x_wconf 88' lang='lat' dir='ltr'><strong>adiuncta</strong></span> <span class='ocrx_word' id='word_1_86' title='bbox 895 1250 955 1314; x_wconf 88' lang='lat' dir='ltr'><strong>est,</strong></span> <span class='ocrx_word' id='word_1_87' title='bbox 979 1261 1036 1302; x_wconf 90' lang='lat' dir='ltr'><strong>non</strong></span> <span class='ocrx_word' id='word_1_88' title='bbox 1060 1243 1214 1322; x_wconf 85' lang='lat' dir='ltr'><strong>superiori.</strong></span> 
     </span>
     <span class='ocr_line' id='line_1_11' title="bbox 89 1347 1216 1430; baseline 0 -22"><span class='ocrx_word' id='word_1_89' title='bbox 89 1350 195 1430; x_wconf 82' lang='lat' dir='ltr'><strong>Exque</strong></span> <span class='ocrx_word' id='word_1_90' title='bbox 218 1349 305 1410; x_wconf 88' lang='lat' dir='ltr'><strong>simul</strong></span> <span class='ocrx_word' id='word_1_91' title='bbox 326 1349 506 1430; x_wconf 73' lang='lat' dir='ltr'><strong>intelligitur</strong></span> <span class='ocrx_word' id='word_1_92' title='bbox 526 1367 562 1408; x_wconf 86' lang='lat' dir='ltr'><strong>ne</strong></span> <span class='ocrx_word' id='word_1_93' title='bbox 584 1348 655 1408; x_wconf 92' lang='lat' dir='ltr'><strong>illnd</strong></span> <span class='ocrx_word' id='word_1_94' title='bbox 679 1347 792 1427; x_wconf 85' lang='lat' dir='ltr'><strong>quidem</strong></span> <span class='ocrx_word' id='word_1_95' title='bbox 815 1355 897 1408; x_wconf 87' lang='lat' dir='ltr'><strong>recte</strong></span> <span class='ocrx_word' id='word_1_96' title='bbox 920 1348 1062 1428; x_wconf 82' lang='lat' dir='ltr'><strong>disputari</strong></span> <span class='ocrx_word' id='word_1_97' title='bbox 1084 1368 1102 1409; x_wconf 90' lang='lat' dir='ltr'><strong>a</strong></span> <span class='ocrx_word' id='word_1_98' title='bbox 1123 1348 1216 1408; x_wconf 83' lang='lat' dir='ltr'><strong>Lada·</strong></span> 
     </span>
     <span class='ocr_line' id='line_1_12' title="bbox 90 1450 1215 1536; baseline -0.001 -21"><span class='ocrx_word' id='word_1_99' title='bbox 90 1455 180 1536; x_wconf 76' lang='lat' dir='ltr'><strong>ulpio,</strong></span> <span class='ocrx_word' id='word_1_100' title='bbox 201 1475 269 1516; x_wconf 84' lang='lat' dir='ltr'><strong>cum</strong></span> <span class='ocrx_word' id='word_1_101' title='bbox 288 1456 360 1516; x_wconf 88' lang='lat' dir='ltr'><strong>dicit</strong></span> <span class='ocrx_word' id='word_1_102' title='bbox 382 1455 558 1516; x_wconf 80' lang='lat' dir='ltr'><strong>subsistendi</strong></span> <span class='ocrx_word' id='word_1_103' title='bbox 581 1455 662 1536; x_wconf 86' lang='lat' dir='ltr'><strong>(„der</strong></span> <span class='ocrx_word' id='word_1_104' title='bbox 684 1450 914 1514; x_wconf 67' lang='lat' dir='ltr'><strong>sntmttrtteor&#39;·</strong></span> <span class='ocrx_word' id='word_1_105' title='bbox 936 1455 1010 1514; x_wconf 89' lang='lat' dir='ltr'><strong>enim</strong></span> <span class='ocrx_word' id='word_1_106' title='bbox 1026 1451 1141 1534; x_wconf 77' lang='lat' dir='ltr'><strong>scribit)</strong></span> <span class='ocrx_word' id='word_1_107' title='bbox 1165 1473 1215 1514; x_wconf 92' lang='lat' dir='ltr'><strong>no·</strong></span> 
     </span>
     <span class='ocr_line' id='line_1_13' title="bbox 93 1559 398 1640; baseline 0.007 -22"><span class='ocrx_word' id='word_1_108' title='bbox 93 1559 178 1620; x_wconf 81' lang='lat' dir='ltr'><strong>ionem</strong></span> <span class='ocrx_word' id='word_1_109' title='bbox 199 1560 243 1621; x_wconf 84' lang='lat' dir='ltr'><strong>bis</strong></span> <span class='ocrx_word' id='word_1_110' title='bbox 265 1559 398 1640; x_wconf 76' lang='lat' dir='ltr'><strong>exprimi.</strong></span> 
     </span>
     <span class='ocr_line' id='line_1_14' title="bbox 156 1666 366 1737; baseline -0.005 -12"><span class='ocrx_word' id='word_1_111' title='bbox 156 1666 227 1726; x_wconf 79' lang='lat' dir='ltr'><strong>den.</strong></span> <span class='ocrx_word' id='word_1_112' title='bbox 245 1667 278 1737; x_wconf 87' lang='grc'><strong>6,</strong></span> <span class='ocrx_word' id='word_1_113' title='bbox 291 1666 366 1724; x_wconf 81' lang='grc'><strong>686.</strong></span> 
     </span>
     <span class='ocr_line' id='line_1_15' title="bbox 253 1768 1050 1842; baseline -0.006 -11"><span class='ocrx_word' id='word_1_114' title='bbox 253 1770 329 1832; x_wconf 78' lang='grc'><strong>585.</strong></span> <span class='ocrx_word' id='word_1_115' title='bbox 356 1771 420 1828; x_wconf 84' lang='lat' dir='ltr'><strong>l&#39;ids&#39;</strong></span> <span class='ocrx_word' id='word_1_116' title='bbox 442 1779 469 1827; x_wconf 89' lang='lat' dir='ltr'><strong>et</strong></span> <span class='ocrx_word' id='word_1_117' title='bbox 489 1768 610 1826; x_wconf 69' lang='lat' dir='ltr'><strong>medelis</strong></span> <span class='ocrx_word' id='word_1_118' title='bbox 632 1769 744 1826; x_wconf 72' lang='grc' dir='ltr'><strong>ἀαιιιιιιι</strong></span> <span class='ocrx_word' id='word_1_119' title='bbox 766 1769 915 1826; x_wconf 80' lang='lat' dir='ltr'><strong>Salmonea</strong></span> <span class='ocrx_word' id='word_1_120' title='bbox 933 1785 1050 1842; x_wconf 81' lang='lat' dir='ltr'><strong>poenae,</strong></span> 
     </span>
     <span class='ocr_line' id='line_1_16' title="bbox 349 1868 1173 1954; baseline 0.004 -22"><span class='ocrx_word' id='word_1_121' title='bbox 349 1872 425 1932; x_wconf 86' lang='lat' dir='ltr'><strong>llum</strong></span> <span class='ocrx_word' id='word_1_122' title='bbox 447 1868 578 1931; x_wconf 86' lang='lat' dir='ltr'><strong>flammas</strong></span> <span class='ocrx_word' id='word_1_123' title='bbox 603 1871 680 1932; x_wconf 81' lang='lat' dir='ltr'><strong>toris</strong></span> <span class='ocrx_word' id='word_1_124' title='bbox 702 1878 734 1931; x_wconf 87' lang='lat' dir='ltr'><strong>at</strong></span> <span class='ocrx_word' id='word_1_125' title='bbox 756 1871 871 1932; x_wconf 82' lang='lat' dir='ltr'><strong>conitar</strong></span> <span class='ocrx_word' id='word_1_126' title='bbox 894 1871 1026 1932; x_wconf 87' lang='lat' dir='ltr'><strong>imitatur</strong></span> <span class='ocrx_word' id='word_1_127' title='bbox 1048 1873 1173 1954; x_wconf 79' lang='lat' dir='ltr'><strong>Olympi.</strong></span> 
     </span>
     <span class='ocr_line' id='line_1_17' title="bbox 348 1978 1155 2054; baseline 0 -16"><span class='ocrx_word' id='word_1_128' title='bbox 348 1979 486 2050; x_wconf 79' lang='lat' dir='ltr'><strong>Quattuor</strong></span> <span class='ocrx_word' id='word_1_129' title='bbox 507 1978 554 2034; x_wconf 85' lang='lat' dir='ltr'><strong>bio</strong></span> <span class='ocrx_word' id='word_1_130' title='bbox 574 1979 698 2036; x_wconf 81' lang='lat' dir='ltr'><strong>ianectru</strong></span> <span class='ocrx_word' id='word_1_131' title='bbox 720 1981 796 2053; x_wconf 83' lang='lat' dir='ltr'><strong>equis</strong></span> <span class='ocrx_word' id='word_1_132' title='bbox 816 1987 844 2036; x_wconf 88' lang='lat' dir='ltr'><strong>et</strong></span> <span class='ocrx_word' id='word_1_133' title='bbox 864 1979 997 2051; x_wconf 82' lang='lat' dir='ltr'><strong>lampado</strong></span> <span class='ocrx_word' id='word_1_134' title='bbox 1020 1997 1155 2054; x_wconf 77' lang='lat' dir='ltr'><strong>quassam</strong></span> 
     </span>
     <span class='ocr_line' id='line_1_18' title="bbox 349 2083 1159 2176; baseline 0.006 -36"><span class='ocrx_word' id='word_1_135' title='bbox 349 2085 402 2141; x_wconf 78' lang='lat' dir='ltr'><strong>l’er</strong></span> <span class='ocrx_word' id='word_1_136' title='bbox 424 2084 540 2140; x_wconf 65' lang='lat' dir='ltr'><strong>Mun</strong></span> <span class='ocrx_word' id='word_1_137' title='bbox 558 2084 676 2155; x_wconf 79' lang='lat' dir='ltr'><strong>populos</strong></span> <span class='ocrx_word' id='word_1_138' title='bbox 686 2083 858 2176; x_wconf 57' lang='lat' dir='ltr'><strong>⁸rtredioeqoe</strong></span> <span class='ocrx_word' id='word_1_139' title='bbox 876 2101 930 2156; x_wconf 85' lang='lat' dir='ltr'><strong>per</strong></span> <span class='ocrx_word' id='word_1_140' title='bbox 952 2084 1040 2142; x_wconf 78' lang='lat' dir='ltr'><strong>Elidis</strong></span> <span class='ocrx_word' id='word_1_141' title='bbox 1062 2085 1159 2145; x_wconf 79' lang='lat' dir='ltr'><strong>arberte</strong></span> 
     </span>
     <span class='ocr_line' id='line_1_19' title="bbox 351 2188 1076 2262; baseline 0.003 -16"><span class='ocrx_word' id='word_1_142' title='bbox 351 2188 412 2246; x_wconf 82' lang='lat' dir='ltr'><strong>lbet</strong></span> <span class='ocrx_word' id='word_1_143' title='bbox 433 2203 519 2246; x_wconf 76' lang='lat' dir='ltr'><strong>occet</strong></span> <span class='ocrx_word' id='word_1_144' title='bbox 541 2189 686 2262; x_wconf 76' lang='lat' dir='ltr'><strong>diramque</strong></span> <span class='ocrx_word' id='word_1_145' title='bbox 708 2189 761 2246; x_wconf 84' lang='lat' dir='ltr'><strong>eidi</strong></span> <span class='ocrx_word' id='word_1_146' title='bbox 780 2188 914 2262; x_wconf 82' lang='lat' dir='ltr'><strong>poscebat</strong></span> <span class='ocrx_word' id='word_1_147' title='bbox 931 2189 1076 2259; x_wconf 78' lang='lat' dir='ltr'><strong>bonorem,</strong></span> 
     </span>
     <span class='ocr_line' id='line_1_20' title="bbox 352 2286 1090 2368; baseline 0.001 -16"><span class='ocrx_word' id='word_1_148' title='bbox 352 2293 483 2366; x_wconf 80' lang='lat' dir='ltr'><strong>Demeae,</strong></span> <span class='ocrx_word' id='word_1_149' title='bbox 505 2286 552 2367; x_wconf 83' lang='lat' dir='ltr'><strong>q&#39;ui</strong></span> <span class='ocrx_word' id='word_1_150' title='bbox 573 2293 681 2350; x_wconf 78' lang='lat' dir='ltr'><strong>nimbos</strong></span> <span class='ocrx_word' id='word_1_151' title='bbox 702 2302 731 2351; x_wconf 85' lang='lat' dir='ltr'><strong>et</strong></span> <span class='ocrx_word' id='word_1_152' title='bbox 751 2311 809 2352; x_wconf 81' lang='lat' dir='ltr'><strong>noa</strong></span> <span class='ocrx_word' id='word_1_153' title='bbox 831 2294 966 2354; x_wconf 77' lang='lat' dir='ltr'><strong>irritabile</strong></span> <span class='ocrx_word' id='word_1_154' title='bbox 984 2297 1090 2368; x_wconf 76' lang='lat' dir='ltr'><strong>fulmen</strong></span> 
     </span>
     <span class='ocr_line' id='line_1_21' title="bbox 301 2397 1112 2486; baseline 0.006 -30"><span class='ocrx_word' id='word_1_155' title='bbox 301 2471 310 2486; x_wconf 61' lang='lat'>„</span> <span class='ocrx_word' id='word_1_156' title='bbox 351 2397 425 2457; x_wconf 80' lang='lat' dir='ltr'><strong>Aere</strong></span> <span class='ocrx_word' id='word_1_157' title='bbox 446 2407 475 2456; x_wconf 85' lang='lat' dir='ltr'><strong>et</strong></span> <span class='ocrx_word' id='word_1_158' title='bbox 495 2399 678 2472; x_wconf 73' lang='lat' dir='ltr'><strong>cornipedum</strong></span> <span class='ocrx_word' id='word_1_159' title='bbox 698 2400 780 2472; x_wconf 81' lang='lat' dir='ltr'><strong>pube</strong></span> <span class='ocrx_word' id='word_1_160' title='bbox 801 2401 947 2459; x_wconf 63' lang='lat' dir='ltr'><strong>emoleret</strong></span> <span class='ocrx_word' id='word_1_161' title='bbox 967 2418 1112 2476; x_wconf 85' lang='lat' dir='ltr'><strong>equorum.</strong></span> 
     </span>
     <span class='ocr_line' id='line_1_22' title="bbox 157 2489 1214 2587; baseline 0.004 -24"><span class='ocrx_word' id='word_1_162' title='bbox 157 2505 277 2566; x_wconf 82' lang='lat' dir='ltr'><strong>Versum</strong></span> <span class='ocrx_word' id='word_1_163' title='bbox 290 2505 354 2565; x_wconf 77' lang='lat' dir='ltr'><strong>oud</strong></span> <span class='ocrx_word' id='word_1_164' title='bbox 376 2489 568 2582; x_wconf 67' lang='lat' dir='ltr'><strong>Ladebigius</strong></span> <span class='ocrx_word' id='word_1_165' title='bbox 590 2503 660 2564; x_wconf 87' lang='lat' dir='ltr'><strong>sede</strong></span> <span class='ocrx_word' id='word_1_166' title='bbox 682 2522 736 2562; x_wconf 91' lang='lat' dir='ltr'><strong>sua</strong></span> <span class='ocrx_word' id='word_1_167' title='bbox 754 2511 861 2562; x_wconf 91' lang='lat' dir='ltr'><strong>motum</strong></span> <span class='ocrx_word' id='word_1_168' title='bbox 879 2524 946 2564; x_wconf 85' lang='lat' dir='ltr'><strong>esse</strong></span> <span class='ocrx_word' id='word_1_169' title='bbox 963 2506 1130 2587; x_wconf 79' lang='lat' dir='ltr'><strong>suspicatur</strong></span> <span class='ocrx_word' id='word_1_170' title='bbox 1145 2506 1214 2567; x_wconf 92' lang='lat' dir='ltr'><strong>olim</strong></span> 
     </span>
     <span class='ocr_line' id='line_1_23' title="bbox 92 2607 1214 2691; baseline 0.005 -26"><span class='ocrx_word' id='word_1_171' title='bbox 92 2607 149 2668; x_wconf 85' lang='lat' dir='ltr'><strong>inter</strong></span> <span class='ocrx_word' id='word_1_172' title='bbox 167 2613 227 2672; x_wconf 78' lang='grc'><strong>688</strong></span> <span class='ocrx_word' id='word_1_173' title='bbox 254 2617 285 2670; x_wconf 89' lang='lat' dir='ltr'><strong>et</strong></span> <span class='ocrx_word' id='word_1_174' title='bbox 307 2609 371 2669; x_wconf 77' lang='lat' dir='ltr'><strong>tet</strong></span> <span class='ocrx_word' id='word_1_175' title='bbox 393 2607 530 2686; x_wconf 88' lang='lat' dir='ltr'><strong>positum.</strong></span> <span class='ocrx_word' id='word_1_176' title='bbox 584 2607 642 2665; x_wconf 86' lang='lat' dir='ltr'><strong>Sed</strong></span> <span class='ocrx_word' id='word_1_177' title='bbox 666 2627 724 2667; x_wconf 89' lang='lat' dir='ltr'><strong>non</strong></span> <span class='ocrx_word' id='word_1_178' title='bbox 747 2608 873 2669; x_wconf 88' lang='lat' dir='ltr'><strong>alienum</strong></span> <span class='ocrx_word' id='word_1_179' title='bbox 896 2628 963 2670; x_wconf 81' lang='lat' dir='ltr'><strong>cese</strong></span> <span class='ocrx_word' id='word_1_180' title='bbox 985 2611 1020 2670; x_wconf 92' lang='lat' dir='ltr'><strong>ab</strong></span> <span class='ocrx_word' id='word_1_181' title='bbox 1044 2631 1095 2684; x_wconf 88' lang='lat' dir='ltr'><strong>ea,</strong></span> <span class='ocrx_word' id='word_1_182' title='bbox 1127 2631 1214 2691; x_wconf 88' lang='lat' dir='ltr'><strong>quam</strong></span> 
     </span>
     <span class='ocr_line' id='line_1_24' title="bbox 93 2711 1213 2793; baseline 0.008 -25"><span class='ocrx_word' id='word_1_183' title='bbox 93 2711 199 2776; x_wconf 91' lang='lat' dir='ltr'><strong>inlibris</strong></span> <span class='ocrx_word' id='word_1_184' title='bbox 221 2721 316 2786; x_wconf 87' lang='lat' dir='ltr'><strong>tenet,</strong></span> <span class='ocrx_word' id='word_1_185' title='bbox 340 2714 469 2773; x_wconf 73' lang='lat' dir='ltr'><strong>ostendit</strong></span> <span class='ocrx_word' id='word_1_186' title='bbox 491 2711 651 2792; x_wconf 73' lang='lat' dir='ltr'><strong>explicatio</strong></span> <span class='ocrx_word' id='word_1_187' title='bbox 669 2731 688 2770; x_wconf 88' lang='lat' dir='ltr'><strong>e</strong></span> <span class='ocrx_word' id='word_1_188' title='bbox 705 2733 748 2772; x_wconf 91' lang='lat' dir='ltr'><strong>me</strong></span> <span class='ocrx_word' id='word_1_189' title='bbox 764 2714 891 2793; x_wconf 88' lang='lat' dir='ltr'><strong>prolate.</strong></span> <span class='ocrx_word' id='word_1_190' title='bbox 923 2715 1013 2786; x_wconf 83' lang='lat' dir='ltr'><strong>Tum,</strong></span> <span class='ocrx_word' id='word_1_191' title='bbox 1036 2716 1061 2775; x_wconf 85' lang='lat' dir='ltr'><strong>si</strong></span> <span class='ocrx_word' id='word_1_192' title='bbox 1077 2735 1113 2775; x_wconf 88' lang='lat' dir='ltr'><strong>eo</strong></span> <span class='ocrx_word' id='word_1_193' title='bbox 1134 2717 1213 2790; x_wconf 88' lang='lat' dir='ltr'><strong>loco,</strong></span> 
     </span>
     <span class='ocr_line' id='line_1_25' title="bbox 93 2819 1213 2900; baseline 0.005 -24"><span class='ocrx_word' id='word_1_194' title='bbox 93 2835 132 2896; x_wconf 87' lang='lat' dir='ltr'><strong>qno</strong></span> <span class='ocrx_word' id='word_1_195' title='bbox 158 2822 238 2881; x_wconf 81' lang='lat' dir='ltr'><strong>molit</strong></span> <span class='ocrx_word' id='word_1_196' title='bbox 266 2819 475 2900; x_wconf 73' lang='lat' dir='ltr'><strong>hadewigius,</strong></span> <span class='ocrx_word' id='word_1_197' title='bbox 504 2819 619 2898; x_wconf 83' lang='lat' dir='ltr'><strong>positus</strong></span> <span class='ocrx_word' id='word_1_198' title='bbox 650 2826 748 2890; x_wconf 83' lang='lat' dir='ltr'><strong>esset,</strong></span> <span class='ocrx_word' id='word_1_199' title='bbox 778 2821 894 2881; x_wconf 80' lang='lat' dir='ltr'><strong>variata</strong></span> <span class='ocrx_word' id='word_1_200' title='bbox 925 2828 1038 2882; x_wconf 87' lang='lat' dir='ltr'><strong>tantum</strong></span> <span class='ocrx_word' id='word_1_201' title='bbox 1068 2823 1213 2896; x_wconf 87' lang='lat' dir='ltr'><strong>oratione,</strong></span> 
     </span>
     <span class='ocr_line' id='line_1_26' title="bbox 92 2924 1213 3007; baseline 0.005 -25"><span class='ocrx_word' id='word_1_202' title='bbox 92 2924 120 2984; x_wconf 84' lang='lat' dir='ltr'><strong>bin</strong></span> <span class='ocrx_word' id='word_1_203' title='bbox 137 2929 205 2989; x_wconf 90' lang='lat' dir='ltr'><strong>idem</strong></span> <span class='ocrx_word' id='word_1_204' title='bbox 227 2931 259 2989; x_wconf 90' lang='lat' dir='ltr'><strong>in</strong></span> <span class='ocrx_word' id='word_1_205' title='bbox 281 2928 382 2988; x_wconf 85' lang='lat' dir='ltr'><strong>eadem</strong></span> <span class='ocrx_word' id='word_1_206' title='bbox 406 2927 561 2989; x_wconf 80' lang='lat' dir='ltr'><strong>verborum</strong></span> <span class='ocrx_word' id='word_1_207' title='bbox 583 2926 842 3006; x_wconf 80' lang='lat' dir='ltr'><strong>comprehensione</strong></span> <span class='ocrx_word' id='word_1_208' title='bbox 864 2936 954 3007; x_wconf 88' lang='lat' dir='ltr'><strong>poeta</strong></span> <span class='ocrx_word' id='word_1_209' title='bbox 977 2928 1099 2988; x_wconf 87' lang='lat' dir='ltr'><strong>diceret:</strong></span> <span class='ocrx_word' id='word_1_210' title='bbox 1133 2924 1213 2988; x_wconf 89' lang='lat' dir='ltr'><strong>flam·</strong></span> 
     </span>
     <span class='ocr_line' id='line_1_27' title="bbox 92 3031 1210 3113; baseline 0.007 -27"><span class='ocrx_word' id='word_1_211' title='bbox 92 3049 137 3090; x_wconf 84' lang='lat' dir='ltr'><strong>nes</strong></span> <span class='ocrx_word' id='word_1_212' title='bbox 155 3034 228 3096; x_wconf 86' lang='lat' dir='ltr'><strong>lovis</strong></span> <span class='ocrx_word' id='word_1_213' title='bbox 252 3040 284 3094; x_wconf 89' lang='lat' dir='ltr'><strong>et</strong></span> <span class='ocrx_word' id='word_1_214' title='bbox 305 3034 421 3093; x_wconf 83' lang='lat' dir='ltr'><strong>sonitus</strong></span> <span class='ocrx_word' id='word_1_215' title='bbox 443 3032 558 3113; x_wconf 80' lang='lat' dir='ltr'><strong>Olympi</strong></span> <span class='ocrx_word' id='word_1_216' title='bbox 579 3031 736 3094; x_wconf 86' lang='lat' dir='ltr'><strong>simulabat</strong></span> <span class='ocrx_word' id='word_1_217' title='bbox 758 3033 876 3094; x_wconf 87' lang='lat' dir='ltr'><strong>demens</strong></span> <span class='ocrx_word' id='word_1_218' title='bbox 899 3041 930 3094; x_wconf 90' lang='lat' dir='ltr'><strong>et</strong></span> <span class='ocrx_word' id='word_1_219' title='bbox 952 3033 1120 3094; x_wconf 77' lang='lat' dir='ltr'><strong>imitabatur</strong></span> <span class='ocrx_word' id='word_1_220' title='bbox 1141 3032 1210 3094; x_wconf 91' lang='lat' dir='ltr'><strong>nim·</strong></span> 
     </span>
     <span class='ocr_line' id='line_1_28' title="bbox 91 3135 318 3200; baseline 0.018 -6"><span class='ocrx_word' id='word_1_221' title='bbox 91 3135 130 3198; x_wconf 86' lang='lat' dir='ltr'><strong>bos</strong></span> <span class='ocrx_word' id='word_1_222' title='bbox 145 3149 176 3200; x_wconf 87' lang='lat' dir='ltr'><strong>et</strong></span> <span class='ocrx_word' id='word_1_223' title='bbox 197 3141 318 3200; x_wconf 83' lang='lat' dir='ltr'><strong>fulmen.</strong></span> 
     </span>
     <span class='ocr_line' id='line_1_29' title="bbox 156 3247 369 3319; baseline -0.009 -13"><span class='ocrx_word' id='word_1_224' title='bbox 156 3247 226 3316; x_wconf 79' lang='lat' dir='ltr'><strong>den.</strong></span> <span class='ocrx_word' id='word_1_225' title='bbox 250 3247 280 3319; x_wconf 91' lang='grc'><strong>6,</strong></span> <span class='ocrx_word' id='word_1_226' title='bbox 295 3247 369 3306; x_wconf 75' lang='grc'><strong>734.</strong></span> 
     </span>
     <span class='ocr_line' id='line_1_30' title="bbox 285 3350 1213 3428; baseline 0.001 -20"><span class='ocrx_word' id='word_1_227' title='bbox 285 3353 359 3408; x_wconf 77' lang='lat' dir='ltr'><strong>iliae</strong></span> <span class='ocrx_word' id='word_1_228' title='bbox 370 3359 494 3411; x_wconf 80' lang='lat' dir='ltr'><strong>metuunt</strong></span> <span class='ocrx_word' id='word_1_229' title='bbox 506 3351 684 3424; x_wconf 83' lang='lat' dir='ltr'><strong>cupiantque,</strong></span> <span class='ocrx_word' id='word_1_230' title='bbox 704 3350 799 3408; x_wconf 84' lang='lat' dir='ltr'><strong>delent</strong></span> <span class='ocrx_word' id='word_1_231' title='bbox 809 3351 999 3425; x_wconf 72' lang='lat' dir='ltr'><strong>pendentque,</strong></span> <span class='ocrx_word' id='word_1_232' title='bbox 1015 3368 1104 3428; x_wconf 83' lang='lat' dir='ltr'><strong>aeque</strong></span> <span class='ocrx_word' id='word_1_233' title='bbox 1125 3367 1213 3409; x_wconf 81' lang='lat' dir='ltr'><strong>aurae</strong></span> 
     </span>
     <span class='ocr_line' id='line_1_31' title="bbox 255 3431 1032 3534; baseline 0 -20"><span class='ocrx_word' id='word_1_234' title='bbox 255 3431 258 3439; x_wconf 29' lang='lat'><strong>¹</strong></span> <span class='ocrx_word' id='word_1_235' title='bbox 283 3455 450 3534; x_wconf 82' lang='lat' dir='ltr'><strong>Dispiciunt</strong></span> <span class='ocrx_word' id='word_1_236' title='bbox 472 3456 584 3512; x_wconf 79' lang='lat' dir='ltr'><strong>clausor</strong></span> <span class='ocrx_word' id='word_1_237' title='bbox 606 3455 726 3512; x_wconf 83' lang='lat' dir='ltr'><strong>tenebris</strong></span> <span class='ocrx_word' id='word_1_238' title='bbox 748 3464 775 3512; x_wconf 88' lang='lat' dir='ltr'><strong>el</strong></span> <span class='ocrx_word' id='word_1_239' title='bbox 795 3473 914 3514; x_wconf 81' lang='lat' dir='ltr'><strong>carcere</strong></span> <span class='ocrx_word' id='word_1_240' title='bbox 936 3474 1032 3514; x_wconf 86' lang='lat' dir='ltr'><strong>coeco.</strong></span> 
     </span>
     <span class='ocr_line' id='line_1_32' title="bbox 89 3559 1212 3641; baseline 0.006 -27"><span class='ocrx_word' id='word_1_241' title='bbox 89 3559 225 3633; x_wconf 78' lang='lat' dir='ltr'><strong>lespiciunt</strong></span> <span class='ocrx_word' id='word_1_242' title='bbox 247 3560 438 3640; x_wconf 77' lang='lat' dir='ltr'><strong>hadewigiue</strong></span> <span class='ocrx_word' id='word_1_243' title='bbox 459 3559 587 3639; x_wconf 88' lang='lat' dir='ltr'><strong>itemque</strong></span> <span class='ocrx_word' id='word_1_244' title='bbox 609 3559 764 3639; x_wconf 88' lang='lat' dir='ltr'><strong>llauptius.</strong></span> <span class='ocrx_word' id='word_1_245' title='bbox 801 3561 867 3641; x_wconf 76' lang='lat' dir='ltr'><strong>ligo</strong></span> <span class='ocrx_word' id='word_1_246' title='bbox 891 3566 990 3633; x_wconf 85' lang='lat' dir='ltr'><strong>teneo,</strong></span> <span class='ocrx_word' id='word_1_247' title='bbox 1013 3561 1090 3640; x_wconf 92' lang='lat' dir='ltr'><strong>quod</strong></span> <span class='ocrx_word' id='word_1_248' title='bbox 1111 3581 1212 3622; x_wconf 85' lang='lat' dir='ltr'><strong>secun·</strong></span> 
     </span>
     <span class='ocr_line' id='line_1_33' title="bbox 90 3659 1213 3746; baseline 0.005 -28"><span class='ocrx_word' id='word_1_249' title='bbox 90 3659 137 3721; x_wconf 89' lang='lat' dir='ltr'><strong>dun</strong></span> <span class='ocrx_word' id='word_1_250' title='bbox 156 3666 322 3726; x_wconf 86' lang='lat' dir='ltr'><strong>testimonia</strong></span> <span class='ocrx_word' id='word_1_251' title='bbox 344 3685 380 3724; x_wconf 85' lang='lat' dir='ltr'><strong>ac</strong></span> <span class='ocrx_word' id='word_1_252' title='bbox 401 3664 531 3746; x_wconf 80' lang='lat' dir='ltr'><strong>vestigia</strong></span> <span class='ocrx_word' id='word_1_253' title='bbox 554 3666 727 3744; x_wconf 91' lang='lat' dir='ltr'><strong>optimorum</strong></span> <span class='ocrx_word' id='word_1_254' title='bbox 751 3666 882 3724; x_wconf 86' lang='lat' dir='ltr'><strong>codicum</strong></span> <span class='ocrx_word' id='word_1_255' title='bbox 905 3667 1013 3726; x_wconf 91' lang='lat' dir='ltr'><strong>editum</strong></span> <span class='ocrx_word' id='word_1_256' title='bbox 1036 3675 1102 3740; x_wconf 80' lang='lat' dir='ltr'><strong>est3</strong></span> <span class='ocrx_word' id='word_1_257' title='bbox 1125 3670 1213 3742; x_wconf 80' lang='lat' dir='ltr'><strong>dispi-</strong></span> 
     </span>
     <span class='ocr_line' id='line_1_34' title="bbox 90 3769 1211 3852; baseline 0.005 -27"><span class='ocrx_word' id='word_1_258' title='bbox 90 3769 147 3828; x_wconf 78' lang='lat' dir='ltr'><strong>dont</strong></span> <span class='ocrx_word' id='word_1_259' title='bbox 166 3772 250 3831; x_wconf 90' lang='lat' dir='ltr'><strong>etiam</strong></span> <span class='ocrx_word' id='word_1_260' title='bbox 275 3771 397 3831; x_wconf 83' lang='lat' dir='ltr'><strong>Servius</strong></span> <span class='ocrx_word' id='word_1_261' title='bbox 419 3769 605 3842; x_wconf 80' lang='lat' dir='ltr'><strong>liresdenus,</strong></span> <span class='ocrx_word' id='word_1_262' title='bbox 637 3771 812 3850; x_wconf 89' lang='lat' dir='ltr'><strong>optimarum</strong></span> <span class='ocrx_word' id='word_1_263' title='bbox 840 3791 929 3851; x_wconf 84' lang='lat' dir='ltr'><strong>saepe</strong></span> <span class='ocrx_word' id='word_1_264' title='bbox 951 3771 1076 3852; x_wconf 85' lang='lat' dir='ltr'><strong>partium</strong></span> <span class='ocrx_word' id='word_1_265' title='bbox 1100 3771 1211 3832; x_wconf 79' lang='lat' dir='ltr'><strong>tentor.</strong></span> 
     </span>
     <span class='ocr_line' id='line_1_35' title="bbox 91 3867 1211 3957; baseline 0.004 -26"><span class='ocrx_word' id='word_1_266' title='bbox 91 3867 133 3932; x_wconf 85' lang='lat' dir='ltr'><strong>lieo</strong></span> <span class='ocrx_word' id='word_1_267' title='bbox 151 3877 249 3952; x_wconf 84' lang='lat' dir='ltr'><strong>video,</strong></span> <span class='ocrx_word' id='word_1_268' title='bbox 280 3895 371 3957; x_wconf 86' lang='lat' dir='ltr'><strong>quare</strong></span> <span class='ocrx_word' id='word_1_269' title='bbox 400 3876 456 3934; x_wconf 89' lang='lat' dir='ltr'><strong>boc</strong></span> <span class='ocrx_word' id='word_1_270' title='bbox 486 3875 610 3935; x_wconf 88' lang='lat' dir='ltr'><strong>alianum</strong></span> <span class='ocrx_word' id='word_1_271' title='bbox 641 3876 676 3934; x_wconf 92' lang='lat' dir='ltr'><strong>ab</strong></span> <span class='ocrx_word' id='word_1_272' title='bbox 698 3875 790 3956; x_wconf 75' lang='lat' dir='ltr'><strong>ipsius</strong></span> <span class='ocrx_word' id='word_1_273' title='bbox 813 3884 920 3956; x_wconf 84' lang='lat' dir='ltr'><strong>poetae</strong></span> <span class='ocrx_word' id='word_1_274' title='bbox 943 3878 1090 3936; x_wconf 87' lang='lat' dir='ltr'><strong>sententia</strong></span> <span class='ocrx_word' id='word_1_275' title='bbox 1112 3877 1211 3937; x_wconf 84' lang='lat' dir='ltr'><strong>existi·</strong></span> 
     </span>
     <span class='ocr_line' id='line_1_36' title="bbox 91 3977 1212 4062; baseline 0.008 -29"><span class='ocrx_word' id='word_1_276' title='bbox 91 3987 176 4040; x_wconf 71' lang='lat' dir='ltr'><strong>neten:</strong></span> <span class='ocrx_word' id='word_1_277' title='bbox 199 3983 284 4041; x_wconf 76' lang='lat' dir='ltr'><strong>imno</strong></span> <span class='ocrx_word' id='word_1_278' title='bbox 308 3977 417 4060; x_wconf 84' lang='lat' dir='ltr'><strong>optirn&#39;e</strong></span> <span class='ocrx_word' id='word_1_279' title='bbox 438 3981 482 4040; x_wconf 85' lang='lat' dir='ltr'><strong>sie</strong></span> <span class='ocrx_word' id='word_1_280' title='bbox 506 3979 603 4039; x_wconf 91' lang='lat' dir='ltr'><strong>omnia</strong></span> <span class='ocrx_word' id='word_1_281' title='bbox 624 3980 702 4040; x_wconf 90' lang='lat' dir='ltr'><strong>inter</strong></span> <span class='ocrx_word' id='word_1_282' title='bbox 723 4000 755 4040; x_wconf 87' lang='lat' dir='ltr'><strong>ee</strong></span> <span class='ocrx_word' id='word_1_283' title='bbox 778 4000 944 4062; x_wconf 80' lang='lat' dir='ltr'><strong>congruere</strong></span> <span class='ocrx_word' id='word_1_284' title='bbox 966 3982 1116 4055; x_wconf 82' lang='lat' dir='ltr'><strong>videntur3</strong></span> <span class='ocrx_word' id='word_1_285' title='bbox 1146 4001 1212 4042; x_wconf 89' lang='lat' dir='ltr'><strong>nem</strong></span> 
     </span>
     <span class='ocr_line' id='line_1_37' title="bbox 90 4083 1210 4168; baseline 0.007 -30"><span class='ocrx_word' id='word_1_286' title='bbox 90 4083 141 4158; x_wconf 87' lang='lat' dir='ltr'><strong>quia</strong></span> <span class='ocrx_word' id='word_1_287' title='bbox 159 4095 251 4148; x_wconf 88' lang='lat' dir='ltr'><strong>mente</strong></span> <span class='ocrx_word' id='word_1_288' title='bbox 274 4086 425 4146; x_wconf 84' lang='lat' dir='ltr'><strong>occaecati</strong></span> <span class='ocrx_word' id='word_1_289' title='bbox 447 4095 515 4144; x_wconf 87' lang='lat' dir='ltr'><strong>sont</strong></span> <span class='ocrx_word' id='word_1_290' title='bbox 539 4084 642 4165; x_wconf 83' lang='lat' dir='ltr'><strong>(oeque</strong></span> <span class='ocrx_word' id='word_1_291' title='bbox 663 4105 750 4145; x_wconf 87' lang='lat' dir='ltr'><strong>corae</strong></span> <span class='ocrx_word' id='word_1_292' title='bbox 772 4085 936 4165; x_wconf 77' lang='lat' dir='ltr'><strong>dispiciunt)</strong></span> <span class='ocrx_word' id='word_1_293' title='bbox 960 4087 989 4146; x_wconf 92' lang='lat' dir='ltr'><strong>id</strong></span> <span class='ocrx_word' id='word_1_294' title='bbox 1011 4087 1102 4168; x_wconf 77' lang='lat' dir='ltr'><strong>ipsum</strong></span> <span class='ocrx_word' id='word_1_295' title='bbox 1125 4086 1210 4160; x_wconf 86' lang='lat' dir='ltr'><strong>facit,</strong></span> 
     </span>
     <span class='ocr_line' id='line_1_38' title="bbox 90 4189 1211 4272; baseline 0.004 -23"><span class='ocrx_word' id='word_1_296' title='bbox 90 4189 268 4264; x_wconf 74' lang='lat' dir='ltr'><strong>omnent,</strong></span> <span class='ocrx_word' id='word_1_297' title='bbox 291 4191 426 4270; x_wconf 82' lang='lat' dir='ltr'><strong>cupient,</strong></span> <span class='ocrx_word' id='word_1_298' title='bbox 457 4190 506 4270; x_wconf 92' lang='lat' dir='ltr'><strong>qui</strong></span> <span class='ocrx_word' id='word_1_299' title='bbox 528 4198 597 4250; x_wconf 87' lang='lat' dir='ltr'><strong>sunt</strong></span> <span class='ocrx_word' id='word_1_300' title='bbox 619 4192 700 4250; x_wconf 83' lang='lat' dir='ltr'><strong>coeci</strong></span> <span class='ocrx_word' id='word_1_301' title='bbox 723 4201 819 4254; x_wconf 86' lang='lat' dir='ltr'><strong>motus</strong></span> <span class='ocrx_word' id='word_1_302' title='bbox 846 4193 1016 4252; x_wconf 89' lang='lat' dir='ltr'><strong>animorum.</strong></span> <span class='ocrx_word' id='word_1_303' title='bbox 1052 4193 1211 4272; x_wconf 25' lang='lat' dir='ltr'><strong>seonnep·</strong></span> 
     </span>
     <span class='ocr_line' id='line_1_39' title="bbox 91 4286 1212 4372; baseline 0.004 -20"><span class='ocrx_word' id='word_1_304' title='bbox 91 4286 159 4352; x_wconf 75' lang='lat' dir='ltr'><strong>lotor</strong></span> <span class='ocrx_word' id='word_1_305' title='bbox 177 4299 328 4372; x_wconf 77' lang='lat' dir='ltr'><strong>dispiciunt</strong></span> <span class='ocrx_word' id='word_1_306' title='bbox 348 4296 444 4357; x_wconf 79' lang='lat' dir='ltr'><strong>verbio</strong></span> <span class='ocrx_word' id='word_1_307' title='bbox 468 4296 591 4356; x_wconf 87' lang='lat' dir='ltr'><strong>adiectis</strong></span> <span class='ocrx_word' id='word_1_308' title='bbox 622 4299 737 4370; x_wconf 67' lang='lat' dir='ltr'><strong>„atnoe</strong></span> <span class='ocrx_word' id='word_1_309' title='bbox 767 4299 889 4356; x_wconf 80' lang='lat' dir='ltr'><strong>terebris</strong></span> <span class='ocrx_word' id='word_1_310' title='bbox 910 4307 938 4356; x_wconf 87' lang='lat' dir='ltr'><strong>et</strong></span> <span class='ocrx_word' id='word_1_311' title='bbox 960 4315 1079 4356; x_wconf 72' lang='lat' dir='ltr'><strong>carcere</strong></span> <span class='ocrx_word' id='word_1_312' title='bbox 1102 4295 1212 4357; x_wconf 85' lang='lat' dir='ltr'><strong>caecc&#39;’</strong></span> 
     </span>
     <span class='ocr_line' id='line_1_40' title="bbox 41 4402 1209 4484; baseline 0.011 -34"><span class='ocrx_word' id='word_1_313' title='bbox 41 4455 42 4470; x_wconf 27' lang='lat' dir='ltr'><strong>q</strong></span> <span class='ocrx_word' id='word_1_314' title='bbox 91 4409 185 4462; x_wconf 74' lang='lat' dir='ltr'><strong>boumn</strong></span> <span class='ocrx_word' id='word_1_315' title='bbox 204 4403 412 4476; x_wconf 83' lang='lat' dir='ltr'><strong>indicantibus,</strong></span> <span class='ocrx_word' id='word_1_316' title='bbox 435 4419 526 4483; x_wconf 86' lang='lat' dir='ltr'><strong>quare</strong></span> <span class='ocrx_word' id='word_1_317' title='bbox 548 4402 744 4483; x_wconf 79' lang='lat' dir='ltr'><strong>dispicere</strong></span> <span class='ocrx_word' id='word_1_318' title='bbox 766 4423 825 4463; x_wconf 92' lang='lat' dir='ltr'><strong>non</strong></span> <span class='ocrx_word' id='word_1_319' title='bbox 847 4402 980 4482; x_wconf 83' lang='lat' dir='ltr'><strong>possint3</strong></span> <span class='ocrx_word' id='word_1_320' title='bbox 1003 4410 1035 4462; x_wconf 86' lang='lat' dir='ltr'><strong>ct</strong></span> <span class='ocrx_word' id='word_1_321' title='bbox 1055 4412 1209 4484; x_wconf 74' lang='lat' dir='ltr'><strong>antequem</strong></span> 
     </span>
    </p>
   </div>
   <div class='ocr_carea' id='block_1_3' title="bbox 0 0 1484 4898">
    <p class='ocr_par' dir='ltr' id='par_1_3' title="bbox 0 0 1484 4898">
     <span class='ocr_line' id='line_1_41' title="bbox 0 0 1484 4898; baseline 0 0"><span class='ocrx_word' id='word_1_322' title='bbox 0 0 1484 4898; x_wconf 95' lang='lat' dir='ltr'><strong> </strong></span> 
     </span>
    </p>
   </div>
  </div>
 </body>
</html>
