2940 4894
521 202 666 256 cessone·
684 201 869 272 vergilium.
1197 201 1261 269 107

124 356 186 418 sius
208 356 287 417 Plio.
311 357 481 417 exercitatt.
504 377 572 438 pag.
587 358 646 417 98:
671 358 806 430 „Plinius
830 363 859 430 t,
884 362 914 429 5,
943 359 980 418 13
1006 359 1163 430 „„loous
1189 357 1264 417 Pbo-

124 461 234 533 rae”''‚
256 462 275 520 i.
298 480 326 520 e.
348 459 443 541 κώμη.
467 460 534 521 ibid.
557 462 743 542 „,3oppidnm
762 464 894 534 0lenum,
917 463 1034 523 colonia
1050 464 1152 540 Dyme,
1175 463 1265 521 loca

124 566 310 648 Buprasium,
333 560 518 644 Hyrmine’'”,
541 568 570 627 b.
590 587 616 627 a.
634 575 788 629 κατοικίαι.
834 569 1001 648 Stephanus
1025 566 1265 649 ,,,,Βαυπρα’σκον

123 677 257 732 κατοικία
280 665 438 748 ἀξιόλογος
460 668 706 747 τῆςἬλιδας.’”’
757 673 807 732 Sic
829 671 907 733 infra
928 672 1049 733 Solinus
1071 716 1090 744 ,,
1100 671 1266 751 „Pythonis

124 795 208 835 coma
230 775 259 834 in
285 775 356 834 daia
383 775 553 836 loeus.’'”
604 775 701 836 Valer.
730 778 811 837 Max.
843 779 879 849 h,
910 780 928 837 3
958 779 995 836 de
1016 777 1138 838 Theseo
1170 777 1267 849 „,‚ille

124 880 283 940 locatim
321 881 471 959 dispersos
504 879 583 942 cives
619 900 690 941 suos
723 883 753 942 in
794 883 892 942 urbem
933 883 1115 942 contraxit.’'
1185 883 1265 942 llaec

124 987 163 1044 ibi
194 985 373 1058 Salmasius3
405 986 479 1046 adde
512 1005 582 1066 pag.
607 989 669 1046 617
694 995 724 1046 et
746 987 854 1049 Graes.
876 989 905 1046 in
928 989 1011 1049 Varr.
1043 989 1141 1047 Lectt.
1174 1007 1192 1046 a
1221 1007 1267 1046 me

125 1091 203 1151 laud.
248 1090 415 1150 llarduinus
443 1089 557 1169 quidem
586 1091 622 1150 ad
651 1091 703 1150 illa
730 1093 822 1172 primo
853 1093 920 1152 loco
944 1092 1041 1173 posita
1063 1095 1139 1150 locta
1162 1094 1267 1150 Pherae

124 1196 168 1254 sie
190 1195 315 1254 adnotat
339 1194 403 1253 Vol.
434 1199 474 1266 2,
497 1214 569 1275 pag.
594 1197 634 1253 24
659 1195 728 1254 edit.
759 1197 864 1255 Franz.
898 1197 1023 1268 „Modus
1053 1196 1100 1255 bie
1128 1194 1267 1275 loquendi

125 1298 223 1360 Plinio
254 1297 410 1358 familiaris
436 1300 571 1379 oppidum
595 1299 682 1378 plane
704 1300 831 1360 deletum
856 1301 965 1373 innuit,
994 1299 1102 1359 rudera
1124 1299 1210 1358 modo
1234 1305 1265 1358 at

124 1403 255 1485 vestigia
277 1403 462 1484 superesse.”
506 1404 546 1463 At
568 1405 725 1484 distinguit
746 1405 808 1485 ipae
831 1405 945 1465 Plinius
975 1406 1063 1465 loca
1093 1404 1128 1464 ab
1153 1403 1266 1482 oppidis

96 1506 101 1517 “
126 1509 213 1590 plane
236 1509 341 1568 deletis
365 1507 392 1591 §-
418 1510 456 1569 16
480 1510 614 1588 „oppida
637 1510 807 1568 Taenarum
838 1518 927 1591 atque
957 1510 1017 1569 ubi
1047 1509 1156 1569 fuere
1186 1507 1268 1566 Gar·

125 1613 291 1691 damyle,
320 1614 482 1685 Pitane,
525 1613 691 1686 Anthea,
728 1615 831 1674 locus
860 1614 1019 1692 Thyreae,
1056 1612 1215 1673 Gerania.'’
1238 1620 1269 1672 et

126 1719 307 1801 paulopost
337 1715 365 1800 ξ.
396 1719 434 1778 17
468 1719 632 1795 „Mycenae
658 1726 689 1778 et
721 1719 783 1778 ubi
815 1717 937 1779 fnisse
967 1717 1164 1797 Tiryntha
1196 1725 1268 1777 tre·

125 1824 221 1884 dunt
243 1829 275 1884 et
296 1823 380 1883 locus
402 1822 584 1882 Mantinea.”
628 1822 725 1902 Atque
754 1830 788 1882 ut
810 1841 899 1903 snpra
920 1823 1035 1883 Plinius
1068 1823 1207 1882 discernit
1229 1823 1269 1881 in-

125 1935 173 1990 ter
195 1947 228 1988 se
257 1928 455 1988 coloniam
488 1936 520 1987 et
546 1927 691 1999 loenm,
716 1928 759 1986 ita
781 1947 846 2009 cap.
870 1931 900 2000 7,
925 1931 966 1986 24
989 1947 1124 2009 pagum
1159 1935 1190 1987 et
1223 1926 1269 1986 lo·

127 2054 205 2096 cum
226 2034 397 2106 „Rhamnes
417 2052 548 2115 pagus,
571 2035 673 2093 locus
695 2027 881 2094 Marathon”.
927 2033 1146 2113 Suspicabimnr
1165 2033 1269 2113 igitur,

130 2149 164 2200 ut
186 2142 223 2201 od
246 2139 408 2220 Vergilium
433 2147 577 2211 revertar,
600 2141 629 2198 in
652 2141 720 2211 ista,
744 2158 802 2219 qua
824 2159 878 2200 eae
900 2159 948 2198 res
973 2145 1078 2220 gestae
1101 2146 1188 2210 sunt,
1225 2156 1270 2197 re·

126 2249 218 2328 gione
239 2254 291 2305 ont
315 2245 433 2304 Albanis
456 2245 631 2325 adsignatos
652 2244 746 2305 fuisse
776 2245 859 2306 locos
893 2245 1034 2324 quosdam
1068 2263 1106 2302 cx
1137 2243 1270 2302 hostibus

126 2358 240 2430 captos,
264 2355 337 2421 aut,
360 2349 437 2428 quod
462 2349 559 2427 potius
581 2369 668 2421 reor,
705 2349 845 2408 Romanis
876 2348 1037 2407 bominibus
1061 2367 1098 2406 cx
1123 2367 1199 2428 agro
1222 2347 1270 2405 Al·

120 2445 202 2515 'bano
226 2467 295 2534 post
318 2454 444 2512 dirutam
468 2452 566 2512 Albam
588 2453 709 2524 divisos,
733 2472 844 2532 eosque
867 2453 923 2512 dici
947 2453 1063 2511 locos
1086 2451 1270 2512 Albanos.

128 2563 217 2622 Certe
241 2561 274 2620 u.
298 2559 335 2618 G.
358 2559 562 2618 Niebubrio
586 2558 662 2617 llist.
686 2559 771 2618 Rom.
797 2563 824 2630 1,
848 2580 876 2638 p.
891 2560 952 2619 382Ι
975 2557 1133 2620 verisimile
1156 2558 1274 2618 videtur

127 2667 200 2726 Alba
228 2685 247 2724 a
270 2665 409 2724 Romanis
432 2663 605 2743 Latinisque
627 2662 743 2723 devicta
774 2683 866 2744 agros
889 2663 1018 2723 Albanos
1048 2664 1077 2721 in
1100 2664 1201 2721 horum
1225 2663 1271 2723 vel

126 2772 242 2831 illorum
266 2768 313 2831 vel
337 2777 526 2849 utrorumque
548 2767 685 2847 praedam
709 2769 846 2826 cessisse.
869 2799 906 2812 -
951 2767 1100 2847 Denique,
1130 2787 1167 2826 ne
1202 2766 1269 2847 quid

127 2875 263 2936 consulto
281 2873 513 2955 praetermisisse
536 2874 651 2944 videar,
680 2873 757 2953 quod
781 2873 928 2952 pertineat
945 2874 982 2932 ad
1005 2893 1084 2945 rem,
1108 2893 1165 2931 non
1189 2872 1271 2932 debe·

127 2983 188 3053 bat,
212 2982 260 3060 qui
284 2979 445 3061 Vergilium
469 2979 569 3049 edidit,
593 2975 743 3038 offendere
766 2978 794 3036 in
816 2977 912 3037 forme
935 2979 1082 3058 plurative
1104 2982 1189 3037 mcor.

213 3086 281 3144 Fuit
304 3093 414 3156 autem,
438 3103 501 3142 cum
525 3084 655 3142 locorum
680 3082 857 3142 Albanorum
885 3085 1112 3164 explicationem
1140 3084 1272 3146 fortasse

127 3212 144 3251 a
167 3190 252 3252 Livio
276 3189 337 3268 peti
359 3208 447 3268 posse
471 3188 679 3260 existimarem,
703 3188 752 3266 qui
776 3190 828 3259 23,
851 3190 892 3248 46
915 3188 1033 3269 „Ager,
1053 3189 1111 3260 ait,
1135 3189 1272 3270 Hispanis

126 3299 154 3356 in
177 3297 336 3375 Hispania,
358 3293 488 3352 Numidis
511 3293 540 3352 in
563 3292 665 3352 Africa
688 3300 757 3373 post
778 3292 884 3352 bellum
908 3294 1027 3355 virtutis
1050 3313 1140 3354 eausa
1162 3295 1273 3356 loeus

127 3404 214 3462 dotus
237 3400 315 3460 est.'’
334 3399 525 3480 .Aliquoties
554 3400 583 3459 in
615 3398 855 3478 inscriptionibus
883 3409 1127 3460 commemoratur
1152 3400 1273 3471 locus,

127 3509 175 3590 qui
198 3507 235 3566 ad
256 3505 436 3586 sepulturam
459 3506 547 3565 datur
577 3505 621 3565 vel
645 3505 700 3563 deo
724 3504 812 3563 alicui
834 3506 961 3579 ceditur3
1002 3505 1029 3566 id
1052 3506 1122 3564 nihil
1145 3506 1273 3584 pertinet

127 3615 163 3675 od
187 3613 261 3672 bane
284 3630 419 3682 causam3
452 3618 483 3669 at
505 3609 607 3668 crebro
631 3609 659 3667 in
682 3609 797 3689 legibus
822 3609 865 3689 (in
898 3610 979 3669 nulla
1006 3610 1120 3690 quidem
1143 3612 1273 3672 crebrius

127 3737 214 3798 quam
236 3717 265 3774 in
288 3715 418 3793 Thoria)
452 3722 483 3775 et
516 3715 545 3774 in
568 3714 728 3794 plebiscitis
757 3715 866 3774 mentio
889 3713 971 3774 facta
994 3724 1041 3774 est
1062 3717 1152 3789 loci,
1186 3719 1273 3777 dandi

129 3821 255 3892 scilicet,
278 3819 435 3892 vendendi,
459 3819 653 3900 adsignandi,
677 3817 863 3898 possidendi3
887 3818 948 3900 leg.
973 3821 1106 3880 Thoriaa
1129 3822 1149 3880 l.
1172 3822 1191 3880 3
1216 3822 1273 3894 „da

128 3946 163 3986 co
197 3945 274 4008 agro
301 3925 397 3983 'loco
422 3969 431 3983 .
455 3968 463 3984 .
488 3968 495 3985 .
520 3969 528 3985 .
551 3925 629 4004 quod
659 3945 717 3984 non
750 3925 778 3983 in
808 3944 844 3983 co
878 3944 954 4005 agro
983 3925 1065 3985 loco
1089 3927 1181 3998 est,·”
1208 3927 1271 3987 to

129 4031 218 4112 „agri
241 4029 336 4088 locei
359 4028 527 4108 publicci;”
549 4029 638 4108 paulo
662 4036 730 4107 post
752 4027 772 4086 l.
795 4028 815 4088 7
839 4029 956 4088 additur
982 4029 1146 4090 aediticium
1178 4049 1275 4112 „ager

128 4135 213 4196 locus
236 4128 495 4206 aediticium;'’
517 4133 591 4194 adde
613 4133 663 4192 lin.
690 4136 740 4204 12,
763 4139 793 4192 et
815 4132 835 4190 l.
861 4136 880 4191 8
908 4135 990 4204 „utei
1021 4113 1186 4198 ceterorum
1221 4136 1272 4194 lo·

129 4257 257 4300 corum
279 4259 420 4320 agrorum
442 4237 713 4297 aedificiorum
737 4233 952 4317 privatorum;”
973 4239 994 4298 l.
1019 4242 1037 4299 o
1061 4259 1147 4312 „aum
1169 4259 1273 4322 agrum

130 4344 224 4408 locum
247 4341 470 4404 aedificium
493 4341 742 4422 possessionem,”
771 4341 845 4402 adde
867 4340 976 4424 Hygin.
1009 4352 1138 4426 promat.
1167 4344 1227 4406 rol.
1250 4344 1275 4414 l,
