2940 4894
516 223 661 276 Lectiones
680 222 863 290 Vergilianus.
1202 223 1243 284 95

97 395 170 448 sae,
194 396 288 456 quen,
320 383 355 436 ut
385 375 453 435 loeo
485 392 539 434 suo
570 381 703 435 moveret
734 393 850 435 versum
875 377 947 445 1⁰8,
977 374 1154 435 induxerunt
1176 375 1246 436 ller-

97 500 254 554 mannum,
277 483 305 540 in
329 501 383 540 sua
406 481 475 540 seda
498 479 678 539 retinendum
703 479 809 538 iudico.
867 481 943 540 Sunt
965 480 1041 540 enim
1062 481 1135 542 heac
1156 480 1244 543 verba

96 586 309 665 conspicientis
333 585 389 644 iam
412 586 581 644 redeuntem
604 582 762 663 Daphnim,
791 583 857 654 sed,
885 584 928 643 uti
950 582 984 643 lit
1006 585 1034 642 in
1058 584 1110 643 tali
1128 605 1170 657 re,
1185 585 1244 645 ¹viu

96 692 247 751 credentis
280 692 342 750 suis
371 690 473 750 oeulis.
503 722 547 733 -
597 689 737 768 Reliquas
770 689 949 748 mutationes
984 689 1106 761 omitte,
1138 695 1243 769 utpote

98 777 187 856 etiarn
212 815 230 854 a
253 794 429 875 Ledcwigio
453 793 640 874 lleuptioque
662 793 857 872 praeteritos3
885 813 969 853 unam
1000 804 1095 854 tamen
1119 813 1240 853 comme·

96 920 226 971 morare,
248 901 354 980 quippe
381 899 466 980 gravi
490 911 665 980 argumento
689 897 806 970 fultam,
829 901 1021 978 supersedere
1036 920 1093 959 non
1114 919 1242 980 possum.

95 1005 200 1086 Negat
222 1006 297 1064 enim
321 1004 502 1063 Hei-mannus
525 1003 621 1063 verbis
643 1023 738 1064 nonae
757 1005 898 1083 strophae
933 1007 1005 1076 „llis
1028 1024 1079 1081 epo
1102 1006 1242 1079 Dopler'rn

97 1115 281 1188 Adgrediar,
304 1115 375 1170 nileil
397 1114 442 1170 ille
464 1114 547 1185 deas,
571 1115 614 1170 ru'l
633 1117 765 1170 carmina
787 1113 895 1171 ourot”
922 1113 1017 1173 locum
1047 1133 1112 1172 ease
1136 1112 1164 1171 in
1187 1112 1243 1170 hoc

98 1217 244 1289 carmine,
276 1218 330 1277 nisi
353 1237 389 1278 ea
412 1218 534 1298 stroplra
565 1219 662 1278 sedem
693 1227 853 1278 commutet
881 1239 943 1278 curn
975 1219 1097 1298 stropha
1127 1225 1242 1278 octova.

98 1325 255 1398 „Quorum
279 1324 450 1394 verborum,
475 1322 579 1402 inquit,
603 1342 666 1381 eum
690 1323 762 1383 lreac
785 1325 890 1384 debeat
910 1325 1057 1385 sententie
1078 1343 1161 1394 esse,
1185 1330 1244 1382 tem

99 1449 204 1511 perum
227 1429 307 1488 illum
329 1428 400 1487 deos
424 1439 453 1488 et
476 1428 603 1488 carmine
628 1447 748 1501 curere,
772 1436 805 1487 ut
828 1429 880 1488 teli
904 1429 944 1488 sit
966 1430 993 1489 vi
1017 1428 1243 1509 adgrediendus,

96 1535 144 1594 eui
168 1535 308 1594 resistere
331 1545 471 1614 nequeat,
495 1535 685 1615 requirimus,
708 1542 742 1593 ut
758 1535 784 1592 id
803 1533 895 1613 ipsum
910 1534 1032 1594 dicatur.
1079 1533 1115 1591 Et
1135 1533 1242 1594 dictum

97 1647 146 1700 est
170 1637 302 1719 quidem,
325 1639 377 1698 aad
401 1659 458 1698 oon
480 1659 535 1698 suo
560 1638 644 1711 loco,
675 1639 703 1698 in
727 1658 762 1698 ee
785 1639 923 1720 strophe,
955 1657 1029 1717 quac
1057 1639 1131 1698 benc
1161 1659 1242 1718 prae·

98 1745 211 1804 cedit.’'
254 1745 294 1804 At
317 1744 373 1802 lioc
397 1742 483 1802 medo
507 1744 696 1814 dirimuntur,
720 1763 795 1823 quae
819 1743 912 1802 dirimi
940 1743 1020 1803 nullo
1051 1752 1139 1825 pecto
1162 1744 1242 1804 lieet.

98 1850 175 1908 Nam
197 1849 222 1908 si
247 1869 316 1910 vere
339 1849 378 1908 sit
401 1849 499 1927 opinio
523 1850 697 1920 Hermenui,
716 1850 810 1910 lectos
834 1849 862 1908 in
884 1846 1003 1910 fluvium
1026 1849 1138 1909 cineres
1161 1858 1243 1929 puta·

95 1953 209 2024 bimus,
233 1964 388 2034 antequem
413 1972 516 2014 novum
540 1954 607 2033 quid
631 1954 682 2012 ille
705 1954 808 2014 mulier
830 1959 1018 2034 exportatum
1055 1955 1244 2034 nequeenim

96 2059 314 2130 conveniebat,
351 2067 458 2118 eventu
486 2059 650 2139 proesentis
684 2059 877 2138 experimenti
900 2078 958 2117 non
981 2067 1173 2137 exspectato,
1206 2059 1243 2118 ad

95 2165 177 2226 eliud
200 2166 274 2224 artis
298 2165 430 2246 magicae
453 2165 627 2245 praesidium
651 2185 683 2226 sc
707 2173 897 2239 converterc3
922 2165 973 2224 sed
999 2165 1123 2223 nondum
1147 2166 1242 2225 iactos

95 2289 165 2331 esse
188 2269 385 2330 declaratus.
413 2274 471 2331 105
495 2290 557 2350 sq:

436 2393 580 2473 corripuit
602 2393 735 2453 tremulis
758 2393 865 2453 altaria
887 2391 1009 2454 flaminis

230 2499 344 2580 Sponte
367 2519 435 2570 sua,
458 2501 538 2558 dum
561 2497 667 2558 ferre
697 2519 841 2570 moror,
872 2499 974 2558 cinis
996 2499 1067 2578 ipre.

99 2625 132 2686 Si
157 2635 283 2704 quaest
313 2624 342 2682 in
370 2624 425 2684 liae
454 2622 577 2702 rtroplie
607 2620 788 2695 difficultas,
818 2641 853 2682 ea
881 2643 939 2681 non
969 2622 1039 2681 telio
1072 2629 1133 2693 est,
1167 2640 1242 2701 quae

97 2730 232 2810 expediri
262 2735 398 2807 nequeat.
457 2727 527 2786 Cum
560 2735 677 2799 cetera,
712 2749 798 2808 quae*
817 2735 937 2809 potest,
967 2728 1022 2788 iam
1055 2727 1243 2805 temptaverit
1318 2739 1320 2746 ’

97 2835 343 2917 pharmaceutria,
366 2853 452 2892 uuum
475 2831 564 2903 illnd,
588 2851 646 2911 quo
670 2833 862 2914 adgrediatur
884 2831 1044 2911 Daphnim,
1067 2831 1120 2890 sibi
1142 2851 1241 2910 super·

96 2961 166 3001 esse
194 2940 283 3009 videt,
317 2938 395 3017 quod
425 2937 594 2995 continetur
625 2957 668 2997 vs.
695 2940 752 2997 tut
778 2956 841 3016 sq,
877 2957 929 3016 spe
957 2937 1034 2996 omni
1067 2956 1158 3016 prope
1184 2937 1240 2996 iam

98 3045 252 3125 deposita,
276 3053 433 3123 propterea
457 3043 534 3121 quod
558 3041 638 3100 nulle
660 3042 802 3100 hactenus
823 3041 868 3102 vie
892 3042 1024 3122 magica,
1047 3041 1156 3101 nullum
1179 3061 1241 3102 cer·

98 3171 164 3212 men
189 3170 227 3210 ex
250 3149 321 3207 urbe
343 3167 407 3207 eum
430 3147 583 3206 retrahere
606 3146 746 3226 potuerit.
792 3145 836 3204 lta
859 3146 884 3204 si
907 3146 979 3205 leaeo
1001 3145 1194 3219 intellexeris,
1211 3155 1242 3208 et

98 3254 250 3317 commode
274 3262 304 3313 et
323 3272 379 3328 pua
403 3252 470 3312 luco
496 3251 575 3311 dicta
597 3251 756 3331 apparebit.

188 3397 225 3456 G.
248 3398 279 3468 3,
304 3397 374 3455 ¹88.
419 3396 506 3469 Atque
527 3394 597 3450 laec
619 3396 677 3450 lom
695 3395 791 3467 primo
814 3393 940 3466 depulsus
968 3391 1004 3448 ol
1034 3394 1120 3452 udare
1142 3397 1241 3454 ruolrt‘r

424 3499 549 3558 Audeat.
572 3519 586 3549 ι

102 3627 238 3695 Gaudeat,
261 3643 342 3682 suam
365 3622 580 3692 coniecturam,
603 3619 703 3678 intulit
724 3619 914 3700 [ludewigius
938 3638 990 3699 pro
1014 3617 1141 3676 lectione
1156 3617 1241 3676 libro·

100 3751 162 3790 rum
186 3731 303 3787 Audeat.
358 3726 512 3786 Sententia
542 3725 678 3784 carminis
712 3725 784 3785 haee
811 3733 873 3783 estc
913 3723 1060 3794 „Primum
1090 3721 1241 3782 eximenda

102 3845 148 3900 est
171 3835 296 3896 formido
318 3832 397 3914 pullo
422 3831 547 3912 equin03
572 3851 645 3912 crgo
669 3831 789 3911 primum
812 3830 906 3888 discat
928 3848 1008 3888 arma
1024 3828 1131 3898 videre,
1155 3827 1240 3885 lituo·

103 3962 166 4001 rum
190 3959 292 3999 sonum
316 3938 385 4018 pati,
408 3935 487 3996 ferre
510 3944 615 4007 rotam,
638 3937 738 3995 eudire
760 3935 862 3995 frenos
884 3940 1039 4004 sonantes,
1062 3939 1121 3990 tum
1146 3930 1241 4012 magis

102 4047 256 4128 magisque
278 4043 404 4105 sonitum
429 4042 549 4122 plausae
573 4041 694 4101 cervicis
718 4060 831 4112 emere,
855 4047 942 4119 etque
965 4039 1037 4097 haec
1059 4037 1165 4096 audeat
1179 4037 1241 4096 sive

103 4153 170 4213 liuic
192 4151 330 4209 audaciae
355 4148 529 4208 adsuescere
552 4146 671 4226 incipiet
692 4145 748 4204 iam
773 4155 851 4218 tum,
885 4144 931 4203 ubi
962 4144 995 4203 eb
1025 4141 1112 4201 ubere
1141 4141 1241 4199 matris

104 4256 243 4337 depulsus
266 4254 353 4315 erit.”
398 4252 546 4319 Quorsum
568 4252 661 4333 igitur
684 4255 809 4310 Gaudeat
837 4250 962 4330 optimae
995 4247 1113 4307 lectioni
1136 4244 1239 4304 substi-

106 4361 190 4420 tuesl
236 4359 305 4420 Nem
330 4359 358 4418 in
382 4378 417 4418 eo
441 4376 558 4438 quoque
580 4364 626 4416 est
648 4356 762 4437 signum
786 4354 904 4434 aliquod
927 4352 1076 4424 audaciae,
1100 4350 1177 4432 quod
1200 4349 1240 4408 in·
