2960 4898
485 254 630 306 Lectione·
647 251 831 346 Vergiliguur.
1192 262 1231 322 61

81 403 209 464 ducitur
234 404 262 463 in
286 412 379 464 metro
402 406 605 469 choriambico.
628 443 669 454 -
713 411 773 470 Sed
795 415 829 468 nt
850 410 1001 470 redeo-ua
1024 410 1061 470 ad
1083 413 1137 483 12,
1160 412 1234 483 648,

81 505 212 566 videant
234 507 301 578 alii,
324 510 470 587 quomodo
492 517 631 571 tueantur
651 513 723 572 illud
745 517 852 572 nucia.
897 512 954 579 Qui
977 533 1010 572 ue
1030 512 1151 572 inscium
1175 515 1233 574 cnl-
1268 485 1272 500 Ι

80 630 142 688 pac
169 610 249 682 dicit,
272 611 422 692 siguificat
444 634 476 674 ue
499 616 602 694 cnlpae
623 617 676 676 eibi
695 637 754 676 uon
777 617 923 676 conscium
946 636 1032 689 caae3
1055 625 1086 675 at
1108 619 1158 694 qui
1179 618 1234 678 sili

80 734 146 772 non
174 717 310 774 conscius
333 726 395 788 eat,
430 739 487 778 non
510 719 616 779 dicitur
638 723 763 782 noaciua.
808 723 853 782 lle
875 721 1038 781 discrimine
1061 723 1162 782 horum
1184 723 1232 782 ad·

81 820 264 882 iectivorum
294 822 366 882 lraac
389 823 568 902 potissimum
598 825 708 897 habeo,
738 847 813 906 quae
844 827 945 886 dicum.
990 827 1152 888 Nescius
1175 836 1232 899 eut,

81 925 135 1003 qui
161 945 222 984 non
243 927 385 1004 comperit
407 927 539 986 alicunde
560 947 637 998 rem,
671 949 756 1008 quam
778 930 891 1001 naucit3
923 939 1001 1003 tum,
1031 933 1080 1012 qui
1104 953 1161 992 non
1183 936 1231 995 lra-

79 1029 146 1100 bet,
174 1029 242 1107 quid
254 1037 343 1109 agot3
365 1034 473 1089 aercius
490 1032 605 1110 poetice
620 1051 684 1091 cun
700 1033 844 1096 infinitivo
855 1035 983 1094 iunctum
999 1035 1160 1117 significat,
1182 1040 1231 1119 qui

81 1151 146 1190 nou
173 1133 327 1193 consuevit
348 1151 402 1193 nec
423 1142 539 1212 puteat,
567 1143 602 1194 ut
639 1141 749 1196 nescius
777 1142 871 1210 ιιιιιιὶς
905 1138 1028 1218 denique
1059 1141 1154 1199 hand
1178 1162 1231 1200 ne·
1338 1163 1340 1175 ⁴

82 1236 205 1294 scius
227 1237 302 1314 opud
323 1245 427 1315 poetas
449 1237 557 1296 dicitur
578 1240 664 1297 etiam
688 1240 732 1311 io,
754 1241 803 1318 qui
825 1261 863 1300 ex
891 1261 924 1300 re
946 1243 1095 1321 praeacuti
1118 1249 1228 1302 certam

82 1340 289 1400 coniecturam
316 1340 407 1412 facit,
429 1350 463 1400 ut
486 1346 521 1413 u,
545 1344 617 1401 552.
672 1343 784 1403 Contra
817 1345 966 1404 inscius
995 1354 1058 1417 est,
1089 1347 1139 1425 qui
1174 1348 1228 1406 sibi

81 1464 145 1502 nou
170 1444 306 1504 conscius
329 1452 375 1504 eut
397 1445 458 1517 rei,
480 1445 562 1503 cuius
586 1445 692 1504 dicitur
713 1465 780 1506 ease
801 1448 929 1522 inscius3
953 1457 1013 1508 tnm
1036 1469 1120 1530 quern
1144 1451 1229 1522 latet,

81 1548 168 1628 quod
190 1547 292 1628 agitur
312 1556 365 1607 aut
386 1547 463 1626 quod
490 1547 608 1628 dignum
635 1550 674 1608 uit
704 1552 857 1630 cognosci.
901 1553 985 1612 llaud
1015 1553 1152 1613 inscitum
1173 1563 1229 1633 est,

81 1653 167 1733 quod
193 1655 242 1723 12,
267 1653 328 1712 227
351 1651 409 1711 duo
424 1651 540 1712 codices
554 1652 691 1712 exhibent
707 1657 783 1713 luud
803 1657 924 1714 inscio
945 1675 1051 1729 rerum,
1074 1677 1148 1736 quoe
1170 1679 1229 1718 nou

80 1759 205 1818 videtur
225 1757 396 1835 depravatio
419 1757 611 1829 librariorum,
635 1759 685 1818 scd
708 1759 872 1820 emendatio
895 1760 974 1820 docti
995 1761 1188 1842 grammatici.

517 2047 613 2127 Caput
635 2048 801 2108 secuudum.

81 2186 212 2252 Contra
227 2181 376 2248 codicum
386 2181 645 2260 veterrimorum,
663 2181 802 2247 Medicci
817 2184 969 2267 maxime,
988 2183 1224 2250 auctoritatem.

172 2393 236 2452 llcl.
260 2393 290 2462 3,
315 2392 385 2450 109.
430 2393 607 2466 &equiequis
629 2409 739 2450 ammos

317 2493 396 2553 Haut
416 2503 535 2566 metuet,
559 2495 651 2554 dulcis
672 2507 723 2554 oue
742 2500 902 2571 eupericlur
923 2515 1046 2556 umcros.

84 2603 200 2662 Contra
221 2599 432 2680 Lodewigiua:

313 2704 373 2763 dut
395 2712 506 2764 metuet
527 2704 629 2778 dulcia,
651 2715 702 2764 aad
721 2707 882 2779 mulceor
903 2721 1026 2763 amaron.

84 2811 190 2890 Neque
211 2809 299 2868 aliter
320 2809 475 2887 Ηιιιιριίιιε,
498 2809 555 2869 etsi
569 2811 594 2869 ia
616 2829 728 2868 comma
749 2829 787 2868 ex
810 2828 865 2868 suo
887 2828 968 2867 more
991 2809 1098 2868 omisit.
1143 2810 1221 2869 Nou·

82 2916 150 2974 dum
175 2913 324 2973 refutatae
345 2921 415 2972 sunt
435 2914 582 2985 rationes,
612 2915 715 2994 quibua
738 2914 894 2974 ostendere
924 2921 1048 2972 conatus
1072 2932 1135 2973 uum
1159 2916 1222 2975 uub-

81 3040 151 3080 esse
180 3020 225 3077 his
253 3017 347 3079 verbis
370 3017 500 3077 mendum
523 3019 641 3098 aliquod
675 3040 693 3078 a
724 3019 871 3078 nullodum
893 3018 1047 3078 sublatum.
1092 3019 1223 3099 Scripse-

81 3145 146 3185 ram
174 3124 202 3183 in
226 3123 309 3182 Varr.
336 3123 433 3182 laectt.
465 3141 644 3201 „pronomen
675 3127 796 3199 quicquic
832 3125 860 3182 h.
892 3124 913 3182 l.
937 3123 1017 3182 nullo
1048 3131 1136 3202 pacto
1165 3145 1219 3203 pro

79 3233 197 3306 quicque
217 3228 323 3286 dictum
346 3227 479 3305 accipere
498 3227 577 3286 licet.
621 3227 693 3287 Nam
724 3235 758 3285 ut
785 3227 942 3286 concedam
976 3227 1076 3306 optimi
1108 3228 1219 3288 saeculi

80 3335 244 3414 scriptores
255 3331 387 3392 relativis
410 3331 454 3391 vel
473 3330 634 3390 nominibus
657 3331 704 3392 vcl
728 3331 891 3410 particulis,
915 3339 947 3389 ut
967 3335 1139 3406 quicumque,
1161 3336 1220 3406 qui,
1312 3319 1316 3327 ¹

78 3441 138 3507 ubi,
161 3448 200 3509 ul,
224 3437 371 3497 autetiam
388 3435 551 3514 pronomini
568 3436 737 3515 possessivo
747 3455 812 3494 auus
827 3436 871 3495 ita
886 3434 1029 3494 interdum
1041 3434 1219 3516 subiungere

80 3547 215 3620 quisquis,
239 3549 272 3600 ut
292 3561 345 3620 pro
366 3540 488 3620 quisquo
505 3540 631 3619 positum
650 3541 741 3600 videri
754 3540 859 3620 posuit,
885 3559 943 3600 non
961 3537 1051 3599 facile
1064 3549 1160 3598 tamen
1172 3541 1219 3600 vel

75 3650 213 3723 pessimus
234 3645 362 3724 scriptor
382 3645 411 3704 in
434 3645 517 3704 initio
539 3646 693 3716 enuntiati,
717 3646 765 3724 qui
788 3646 872 3704 locus
893 3644 1029 3723 proprius
1051 3654 1098 3703 est
1126 3646 1217 3703 rela-

81 3753 192 3822 tiuis,
215 3754 335 3826 quisquis
357 3749 399 3809 ito
431 3749 572 3828 posuerit.
623 3750 662 3807 Et
683 3749 767 3808 initio
797 3748 1011 3808 enuntiatorum
1040 3767 1076 3807 ea
1101 3767 1217 3827 quoque

78 3857 181 3936 positu
202 3855 437 3924 censendusunt,
459 3853 562 3932 quibus
578 3853 727 3932 praecedit
737 3853 854 3932 copula,
876 3859 910 3912 nt
931 3853 987 3912 hoc
1008 3853 1086 3924 loco,
1110 3855 1215 3933 quippe

80 3979 156 4040 quac
178 3958 247 4017 nihil
270 3957 416 4037 pertineat
437 3959 474 4016 od
496 3958 576 4037 ipsus
598 3958 654 4018 vim
677 3958 856 4027 sentcntiae,
888 3955 940 4016 aad
962 3963 1073 4016 tantum
1096 3957 1216 4037 iungen-

79 4064 125 4121 dio
153 4062 265 4122 duobua
303 4062 461 4122 enuntiatis
497 4057 667 4123 inserviat.”
721 4061 931 4122 stomachabor
958 4061 1123 4139 paululum,
1152 4060 1215 4119 Au·

81 4167 206 4237 thoni,
228 4167 306 4246 quod
327 4167 399 4225 haec
421 4186 473 4244 pro
496 4166 611 4225 indictis
631 4167 730 4226 habuit
748 4167 948 4247 Ladewigius.
992 4166 1118 4243 ltaque,
1140 4184 1217 4243 qnae

80 4281 141 4330 tum
174 4271 290 4331 brevius
312 4271 486 4350 exponenda
518 4279 619 4343 erant,
649 4274 701 4347 (ut
730 4273 789 4332 alia
816 4271 956 4352 quaedam
979 4269 1045 4326 aliis
1068 4267 1156 4346 locia)
1179 4288 1216 4328 ea

81 4392 155 4432 nunc
178 4374 244 4433 milri
266 4374 350 4434 video
373 4375 522 4435 dilatanda
550 4394 616 4435 case
638 4373 829 4455 subtiliusque
852 4373 1067 4454 pertractanda.
1112 4374 1214 4434 lixam·
