2940 4894
508 243 653 296 Lectiones
671 243 854 310 Vergilianas.
1206 244 1247 308 99

103 393 242 454 satanas
262 397 416 458 ediderunt
437 397 628 480 hadewigius
652 407 682 459 et
705 397 865 478 Hauptius3
888 402 929 466 ‚et
951 396 1045 456 malim
1074 398 1136 478 ipre
1160 398 1246 457 maio·

102 520 165 560 rem
187 499 254 559 hnic
276 499 396 560 lectioni
418 501 558 560 accedere
587 504 794 562 anctoritatem
817 523 836 562 o
856 499 1021 572 codicibus,
1055 521 1139 581 quarn
1161 503 1247 562 nnius

102 605 268 666 Leidenris.
320 605 402 666 Nunc
436 606 592 686 acquiesco
620 608 648 666 iu
672 607 914 686 interpretatione
943 605 978 664 ab
1001 606 1114 682 Heynio
1143 626 1248 686 propo·

102 709 178 782 sita3
201 709 298 768 etita
320 720 438 768 meatum
460 715 545 768 aeica
566 711 699 771 wtoieur
713 712 820 771 Latine
839 711 895 770 dici
913 701 970 768 nno
986 709 1115 768 abnuunt
1136 711 1249 790 antiqui

102 815 292 894 interpretes,
310 815 444 876 Serviunt
469 819 561 889 „erio
576 819 650 876 mod.
668 817 811 886 ιιιόηὲιιιε,
834 817 941 875 crinem
958 822 1168 895 unguentatum
1184 815 1248 874 sub·

102 920 204 981 nixum
227 918 372 992 hobens'’;
395 920 512 979 additur
524 921 612 980 etiam
631 921 690 980 aliu
713 921 890 1002 explicatio:
914 921 994 992 „Aut
1011 922 1153 992 satorem,
1176 919 1247 979 fidu·

100 1025 150 1083 cia
172 1023 300 1094 elatus'',
323 1042 398 1102 quac
420 1031 502 1082 certe
524 1024 628 1103 prohat
643 1026 776 1084 subnisus
794 1025 905 1105 legisse
921 1023 1062 1084 Servium.
1100 1024 1248 1086 Donatus:

101 1128 214 1200 „mitra
236 1127 279 1186 iiii
303 1136 333 1187 et
355 1147 469 1208 nsque
491 1129 535 1188 ad
559 1137 720 1189 mentum
742 1131 837 1191 crines
861 1129 1021 1200 madentes,
1042 1136 1077 1186 nt
1102 1127 1249 1189 feminis”.

193 1232 267 1292 Aen.
281 1236 311 1304 4,
326 1233 402 1292 435.
425 1235 588 1291 Estremnm
605 1235 679 1292 troc
691 1255 744 1294 oro
760 1238 871 1292 centnm
883 1267 925 1278 ·-
937 1236 1071 1292 miserm
1085 1237 1194 1292 sororis
1209 1263 1250 1276 -

424 1340 513 1411 θιιιιιι
534 1341 602 1397 mitt
624 1358 686 1401 cum
711 1342 822 1399 dederis
846 1347 905 1399 cet.

105 1462 163 1502 cro
186 1443 367 1502 scribendum
390 1463 457 1502 esse
483 1444 609 1504 coniecit
631 1444 821 1526 Ladewigius
852 1462 973 1523 eamque
1003 1443 1199 1502 coniecturam
1222 1443 1251 1502 in

104 1549 241 1608 ordinem
263 1549 384 1628 recepit.
430 1548 506 1606 Nihil
530 1549 623 1608 minus
647 1548 852 1608 necessarium.
908 1547 1017 1606 Vei-iem
1048 1547 1099 1605 Vir
1120 1547 1252 1606 doctissi-

69 1705 74 1715 .
105 1672 172 1712 mus
196 1653 299 1712 saitem
323 1662 392 1712 aute
413 1653 572 1725 docuisset,
595 1654 644 1734 qui
667 1654 709 1714 ita
732 1653 823 1713 incuti
846 1653 915 1727 sint,
945 1660 978 1712 ut
999 1655 1109 1709 ccoinm
1131 1655 1202 1709 dore
1224 1652 1252 1711 id

106 1756 271 1839 significet,
295 1759 373 1838 quod
395 1759 458 1838 ipse
481 1758 636 1838 opinatur:
667 1759 763 1830 „hanc
790 1759 903 1820 veniam
926 1759 951 1817 si
974 1756 1042 1817 mihi
1064 1757 1099 1816 ab
1129 1757 1181 1817 iiio
1205 1757 1252 1817 im·

106 1862 305 1942 petraveris'’.

198 1968 308 2039 tenu,
318 1969 393 2027 471.
417 1967 490 2028 469.
500 1969 683 2026 Eumenidum
695 1969 779 2025 ceiuti
788 1970 899 2026 demens
907 1970 1102 2042 cidetopmr'ac
1112 1970 1252 2040 Pentheus,

289 2144 291 2148 .
412 2067 485 2132 471.
509 2075 563 2131 Aut
585 2075 819 2148 Apcmemoocircs
841 2073 956 2131 scaenis
978 2075 1100 2147 epitatus
1123 2076 1232 2130 Orestes

510 2179 657 2237 Armatam
676 2179 787 2251 factito
810 2187 926 2235 matrem
1017 2180 1083 2235 Cum
1102 2180 1177 2252 sopit
1198 2185 1254 2237 etc.

106 2279 216 2352 sceris,
246 2277 445 2340 coniecturam
468 2281 673 2353 Hildehrondi,
708 2282 736 2340 iu
766 2281 894 2340 ordinem
919 2281 1030 2360 recepit
1051 2280 1254 2362 Ladcwigins.

103 2382 175 2441 Non
199 2380 303 2454 facile,
326 2391 413 2463 puto,
442 2387 573 2446 venisset
596 2386 728 2465 cuiquam
753 2385 781 2443 in
804 2393 928 2444 mentem
951 2383 1131 2444 labefactare
1155 2385 1255 2444 iectio-

110 2506 180 2548 nctu
210 2507 263 2565 per
289 2508 389 2548 omnes
411 2489 502 2548 libros
524 2498 738 2570 propagatum,
769 2489 824 2550 nisi
846 2489 1038 2548 Markiundus
1062 2489 1189 2568 primus,
1223 2496 1256 2549 ut

109 2593 208 2662 aiunt,
231 2589 338 2651 fluctus
359 2593 387 2650 in
407 2592 530 2672 simpulo
547 2594 719 2654 excitasset.
765 2592 840 2652 illud
853 2593 945 2671 ipsum
966 2597 1056 2650 scenis
1079 2594 1176 2652 statim
1200 2592 1255 2654 dis·

110 2696 233 2778 plicebit
256 2695 368 2777 legenti
391 2705 424 2756 nt
446 2718 547 2779 parum
570 2707 641 2780 apto
670 2699 737 2758 ioco
761 2700 897 2778 positum.
951 2697 1010 2756 Sed
1038 2697 1106 2777 quid
1139 2699 1255 2778 tandem

109 2802 189 2862 adeo
209 2801 362 2862 molestum
379 2811 426 2861 ert
448 2807 565 2878 scaenis,
594 2823 655 2864 cum
673 2805 716 2863 rei
734 2805 763 2863 in
786 2802 900 2880 scaenis
917 2809 1157 2882 repraesentatae
1181 2823 1256 2862 men·

110 2907 225 2966 tionem
248 2914 337 2985 poeta
365 2907 450 2967 modo
477 2907 602 2980 fecerit,
633 2909 758 2968 Penthei
785 2906 849 2968 dico
883 2908 1071 2981 insanientis;
1105 2929 1169 2967 nam
1193 2908 1255 2988 ipse

111 3011 265 3094 Vergilius
288 3011 382 3073 sciuit
412 3034 466 3074 nos
496 3016 533 3074 de
555 3015 730 3074 Pentheos
761 3013 885 3095 tragicis
916 3012 1061 3094 producto
1088 3015 1255 3085 admonere,

111 3137 180 3178 cum
202 3117 273 3177 dicit
293 3121 376 3192 ridet,
399 3137 458 3179 non
480 3124 566 3192 cidit5
588 3123 643 3180 hoc
666 3128 780 3200 tempus
794 3119 932 3181 convenit
945 3119 1056 3195 mytho,
1079 3117 1150 3177 iliud
1175 3137 1255 3178 scac-

111 3223 181 3284 nico
204 3222 386 3302 spectaculo.

202 3328 276 3388 Aen.
300 3331 330 3399 4,
352 3329 428 3388 587.
477 3327 553 3388 Vidit
573 3338 600 3388 et
621 3327 756 3408 aequatis
780 3328 894 3387 classem
915 3329 1072 3401 procedere
1092 3329 1169 3385 cetis.
1232 3329 1243 3354 ⁸

111 3433 275 3513 Amplexus
306 3441 352 3494 est
374 3432 565 3514 Ladewigius
596 3435 793 3494 coniecturam
819 3434 852 3493 0.
876 3432 1180 3504 Vnflermanni,
1209 3451 1257 3492 cu·

114 3540 162 3599 ius
192 3538 315 3598 hominis
343 3546 374 3597 et
404 3538 438 3597 ab
469 3539 581 3619 ingenii
610 3539 809 3618 scientiaeque
838 3546 868 3599 et
899 3556 917 3596 a
942 3557 1051 3596 morum
1074 3538 1257 3598 eruditionis·
1320 3611 1322 3614 Ι

117 3665 175 3728 quc
208 3645 294 3706 ioude
324 3646 416 3727 longe
446 3647 639 3718 ornatissimi,
679 3653 866 3725 praematura
895 3651 990 3703 morte
1020 3643 1113 3702 literis
1146 3641 1256 3700 nostris

117 3751 223 3831 erepti,
247 3771 305 3810 non
328 3751 391 3810 sine
414 3750 600 3810 acerbissimo
624 3751 728 3810 dolore
752 3750 876 3809 memini.
919 3749 947 3808 ls
969 3748 1129 3829 Vergilium
1153 3765 1259 3820 arpoc-

117 3861 153 3915 tr's
175 3855 329 3935 scripsisse
352 3853 494 3926 'coniecit3
529 3854 615 3914 docte
646 3874 718 3914 sone
740 3861 771 3914 et
796 3853 964 3934 ingeniose3
1002 3872 1101 3913 verum
1123 3869 1186 3909 cum
1210 3868 1259 3906 ce-
1338 3881 1342 3892 ·

118 3960 297 4036 conoscetis
319 3958 469 4018 commode
499 3959 643 4038 explicari
674 3959 784 4037 possit,
817 3978 874 4017 non
908 3958 1001 4016 audeo
1029 3956 1153 4015 omnium
1182 3955 1258 4013 codi-

121 4083 186 4123 cum
209 4063 382 4143 scripturam
407 4069 602 4123 contemnere.
644 4079 646 4086 ’

209 4168 282 4228 den.
304 4171 335 4240 5,
360 4168 431 4228 139.
476 4169 523 4226 uti
547 4171 628 4226 clerc
651 4170 728 4228 dedit
749 4172 868 4228 soas'tma
891 4168 964 4239 tnta,
987 4162 1091 4222 tinibus
1113 4179 1206 4220 croces

477 4274 633 4331 Prosttoere
655 4277 719 4330 suis.

122 4378 231 4437 reditus
249 4376 440 4457 Ladewigius
464 4397 480 4438 c
503 4377 672 4438 coniectura
688 4373 900 4454 Peerlkampii3
923 4371 1023 4446 linitus
1045 4370 1154 4431 retinet
1166 4371 1261 4453 Haup-

870 4481 1070 4546 ,μ
