2940 4894
234 260 280 322 ’10
678 254 798 322 Philippi
817 255 952 322 Wagneri
1350 289 1368 346 g

242 418 348 472 eontra
369 413 405 472 de
432 411 526 472 ovium
550 410 698 482 utilitate,
719 414 754 466 at
775 407 847 466 nulli
868 408 970 480 dubia,
994 405 1093 468 differt
1111 407 1270 470 disserere.
1315 410 1384 470 Non

245 517 351 586 aliter,
372 535 458 595 quam
480 514 572 574 aeteri
595 522 654 572 tuni
678 512 818 582 Romani,
834 512 981 572 sentiebat
1004 512 1167 572 Columella
1189 515 1221 584 7,
1244 516 1264 572 2
1286 513 1386 584 „Post

244 619 370 680 maiores
393 619 594 699 quadrupedes
617 617 698 678 ovilli
721 617 837 696 peeoris
858 617 988 676 seeundo
1010 617 1088 676 ratio
1112 625 1168 687 est,
1192 635 1268 695 quae
1291 618 1388 696 prima

243 725 289 798 fit,
312 725 338 784 si
359 724 397 783 ad
420 723 557 782 utilitatis
581 723 809 804 magnitudinem
831 720 984 792 referas,'’
1018 721 1084 780 add.
1118 721 1209 780 Varro
1233 723 1269 780 R.
1292 723 1332 781 a.
1359 726 1387 795 2,
1461 769 1462 780 ,

247 832 276 899 l,
298 829 329 887 4.
362 862 399 870 -
451 827 586 886 ceterum
616 834 739 907 propter
771 846 824 898 ee,
858 845 933 904 quae
965 825 1272 886 Fleckeisenius
1302 847 1388 887 mens
1461 865 1462 896 ι

244 933 362 1012 scripsit
383 932 413 990 in
435 933 559 1011 septimo
589 933 736 994 volumine
758 931 853 990 Musei
875 931 1008 990 Rhenani
1030 950 1100 1010 pag.
1124 933 1183 990 271
1210 951 1291 1011 sqq„
1315 933 1390 992 libet
1461 972 1462 1006 f

244 1038 301 1096 noe
322 1036 448 1095 annom:
479 1037 510 1122 n
527 1037 676 1118 Vergilius
699 1046 730 1095 et
752 1036 858 1095 cicero
879 1038 949 1094 mec
981 1055 1035 1114 pro
1065 1036 1119 1094 ιω
1140 1037 1299 1107 ruissent,
1338 1037 1391 1097 vn
1461 1023 1462 1112 g

244 1149 292 1202 est
325 1141 460 1201 credibile
487 1143 608 1201 taeitum
641 1143 669 1201 id
702 1141 836 1201 relictum
865 1159 931 1201 esse
962 1160 980 1199 a
1008 1140 1155 1201 veteribus
1185 1143 1391 1222 grammaticis
1461 1213 1462 1216 Ἴ

245 1247 360 1318 latinis,
390 1247 574 1306 Ciceronieni
605 1248 718 1326 quidem
741 1247 856 1307 eodiees
879 1265 970 1326 prope
985 1265 1087 1304 omnes
1104 1247 1286 1308 recentiores
1306 1257 1390 1322 sunt,

247 1371 332 1432 quam
354 1371 476 1432 quorum
499 1353 528 1410 in
548 1353 689 1412 eiusmodi
711 1372 744 1412 re
766 1371 873 1433 magna
896 1351 936 1410 sit
957 1349 1040 1434 fides.

332 1455 368 1516 G.
392 1459 421 1534 3,
444 1459 517 1516 402.

412 1563 466 1619 Sub
488 1563 576 1620 lacem
597 1568 760 1640 exportans
783 1549 857 1638 (lae)
880 1563 997 1619 calamis
1018 1562 1080 1618 odit
1099 1562 1203 1634 oppida
1221 1569 1331 1630 postor.

248 1675 400 1739 eoportoot
414 1663 615 1744 Ladewigius,
637 1665 773 1724 dabnium
795 1672 924 1724 seoutus.
969 1665 1014 1722 En
1035 1663 1124 1724 verba
1146 1671 1263 1742 poetae,
1286 1665 1391 1744 qualia

247 1771 441 1852 hadewigins
463 1780 494 1830 et
516 1771 639 1832 Jabnins
664 1791 730 1832 esse
752 1773 865 1843 volunt,
888 1793 932 1832 vs.
956 1772 1099 1832 luo-3:

375 1875 461 1941 Quod
483 1882 626 1956 surgente
648 1877 695 1935 die
717 1877 842 1936 mulsere
864 1876 1002 1955 horisque
1026 1873 1146 1948 diurnis,

376 1980 471 2039 Noete
494 1990 637 2060 premunt,
660 1982 738 2062 quod
760 1982 817 2041 iam
839 1981 967 2040 tenebris
990 1986 1021 2039 et
1042 1979 1107 2040 sole
1129 1981 1264 2051 cedente,

376 2085 435 2144 Sub
459 2086 550 2146 lneem
567 2092 726 2166 exportant
740 2087 864 2146 oalatbis
878 2119 919 2130 -
933 2086 1016 2145 adit
1039 2106 1056 2144 o
1065 2107 1083 2164 p
1092 2085 1177 2164 pida
1199 2092 1392 2164 pastor—
1457 2157 1458 2160 Ἴ

377 2185 438 2251 Ant
459 2211 549 2271 pereo
571 2194 634 2252 sale
656 2193 833 2273 contingunt
853 2193 996 2273 hiemique
1018 2203 1174 2271 reponunt.

248 2293 322 2359 (luis
344 2292 423 2354 ferat
445 2296 519 2354 bene
532 2296 683 2356 vacillanti
695 2296 929 2376 elaudienntique
947 2297 1094 2356 sententie
1117 2295 1315 2375 parenthesin,
1341 2306 1394 2357 out

247 2397 312 2478 quis
336 2419 394 2457 non
416 2399 537 2458 miretur
550 2401 721 2482 Vergilium,
744 2421 808 2460 oum
830 2401 956 2460 scribere
978 2402 1108 2481 potnerit
1131 2401 1395 2482 „calathisque

247 2503 309 2562 adit
332 2503 437 2584 oppida
459 2505 599 2583 pastor,''
635 2505 773 2565 maluisse
803 2507 875 2565 boae
896 2506 1061 2565 interlicere
1088 2507 1150 2564 adit
1169 2508 1272 2579 oppido
1292 2518 1395 2578 postor

248 2627 349 2667 maneo
373 2627 477 2682 sensu,
501 2610 583 2670 euius
605 2611 742 2690 explendi
765 2611 864 2692 gratia
894 2629 1014 2670 neeesse
1043 2610 1082 2668 sit
1110 2617 1245 2690 repetere
1272 2613 1395 2670 calathis

247 2724 409 2787 soporans.
453 2715 582 2786 Saltem,
614 2716 663 2795 qui
685 2717 760 2775 bane
781 2715 935 2776 infantiam
960 2715 1089 2797 Vergilio
1121 2716 1275 2795 imputant,
1307 2714 1394 2776 debe·
1461 2755 1462 2798 ,

247 2817 317 2877 bant
339 2819 414 2876 buno
436 2837 551 2878 versum
565 2821 687 2880 reddere
709 2820 938 2880 tolerabiliorem
960 2819 1169 2900 distinguendo
1193 2817 1273 2890 „Sub
1296 2819 1395 2880 lueem

249 2928 409 3000 exportant
429 2953 473 2969 --
495 2924 663 2984 calathis
685 2926 764 2985 adit
786 2926 893 3005 oppido
913 2925 1035 3004 pastor”
1055 2946 1110 2983 ρι
1137 2936 1290 2998 soporum
1303 2929 1394 2988 etiam
1460 2991 1461 3000 ,

250 3026 405 3106 eruptus.
1459 3007 1462 3108 l

336 3131 373 3191 bl.
397 3133 427 3204 3,
448 3133 521 3192 433.
555 3133 675 3192 'dissilit
697 3136 727 3191 io
749 3136 862 3192 meeum.

1459 2473 1462 2529 l

250 3239 357 3296 semla
377 3256 415 3296 ex
436 3255 495 3296 uno
518 3237 650 3297 Medieeo
673 3237 831 3297 Paldamur
854 3244 885 3298 et
907 3236 1110 3319 Ladewigius,
1133 3239 1152 3298 i.
1175 3257 1202 3298 e.
1225 3238 1325 3300 botulit
1345 3260 1394 3312 εις
1460 3255 1462 3300 3

250 3349 282 3402 et
303 3349 422 3400 eonstat
444 3342 536 3401 multa
557 3342 645 3402 verbe
667 3343 822 3402 nansitiva
843 3347 941 3421 μέσως
971 3343 1037 3402 diei.
1081 3344 1141 3404 Sed
1164 3352 1250 3404 naute
1272 3365 1392 3405 versan-
1460 3369 1462 3414 l

251 3449 318 3507 dum
335 3447 423 3506 estin
436 3448 668 3507 commendandis
691 3448 832 3508 eiusmodi
855 3448 1029 3508 lectionibus
1058 3449 1147 3528 (vitia
1168 3469 1257 3528 saepe
1279 3451 1393 3509 rectius
1461 3417 1462 3492 l

251 3551 389 3630 dixeris),
412 3569 487 3632 quoe
508 3551 595 3610 unius
617 3552 743 3630 exempli
760 3550 818 3611 fide
842 3559 873 3612 et
895 3553 1073 3612 auctoritate
1097 3553 1239 3612 nituntur.
1285 3553 1392 3615 Certus

251 3664 299 3718 est
321 3675 456 3716 numerus
478 3656 707 3728 transitivorum,
730 3675 810 3736 quae·
828 3664 946 3717 constat
969 3677 1021 3738 pro
1041 3657 1142 3717 mediis
1164 3659 1244 3737 poni.
1288 3659 1392 3739 ltaque

168 3813 175 3830 ,
251 3761 378 3841 siquod
405 3769 492 3821 extra
520 3779 585 3819 eum
608 3781 756 3824 numerum
778 3762 958 3841 exemplum,
992 3763 1069 3841 qnod
1099 3762 1139 3822 sit
1166 3781 1254 3822 unum
1284 3764 1314 3822 in
1337 3783 1392 3824 sno

252 3885 374 3950 genere,
396 3865 544 3924 inventum
566 3862 673 3936 fuerit,
705 3865 734 3923 id
756 3866 812 3926 nisi
835 3865 945 3930 eritieis
967 3865 1070 3926 aliisve
1094 3866 1206 3926 idoneis
1228 3866 1392 3928 rationibus

253 3972 327 4033 setis
349 3970 487 4030 munitum
509 3967 616 4040 fuerit,
648 3970 814 4028 mendosum
844 3969 935 4030 videri
956 3969 1079 4032 debebit.
1120 3971 1188 4030 floo
1210 3978 1308 4032 autem
1329 3991 1392 4033 ver

252 4079 328 4149 burn,
351 4079 471 4152 efferre,
494 4093 558 4133 oum
579 4075 619 4132 sit
641 4075 671 4132 in
693 4075 818 4134 maxime
839 4075 938 4146 tritis,
961 4095 1102 4155 nusquam
1125 4083 1280 4154 praeterea
1300 4080 1393 4153 μέσον

254 4191 315 4255 est3
337 4182 413 4241 idem
434 4181 460 4240 si
481 4197 578 4240 rerum
600 4179 721 4240 baberet
743 4198 840 4253 usum,
864 4201 922 4239 non
944 4181 1064 4240 inultum
1086 4197 1299 4259 repugnarem,
1322 4200 1392 4260 quo·

255 4289 350 4348 minus
371 4288 414 4346 ita
436 4287 492 4346 diei
514 4287 648 4365 potuisse
669 4286 877 4358 concederem
910 4305 986 4346 nuno
1014 4305 1068 4346 nee
1090 4303 1149 4365 ego
1172 4285 1313 4356 eoneedo,
1339 4303 1392 4346 nee

255 4393 416 4456 eoneedere
438 4391 581 4474 Hauptius
603 4391 727 4453 videtur.
