2960 4898
226 221 271 289 48
637 281 640 288 ⁴
658 221 779 296 Philippi
796 223 936 290 Wegucri

226 395 295 453 que,
325 374 360 436 ab
392 376 512 456 optimis
536 376 704 456 ignoratum.
759 377 821 448 En,
851 382 962 456 quanta
995 376 1163 442 iudiciorum
1195 378 1367 442 diversitas!

227 479 365 552 Heinsio„
396 481 443 546 cui
465 481 492 548 iu
516 481 658 542 eiusmodi
680 497 770 542 causa
804 480 921 542 multum
950 479 1065 550 tribuo,
1097 485 1274 564 epexegesis
1298 485 1327 544 h.
1348 484 1369 544 l.

228 583 348 649 mirifice
370 585 485 664 placet3
509 585 625 660 lahniup
646 564 751 662 contla
774 585 883 645 ommno
905 584 1011 664 copula
1034 583 1114 649 effici
1138 586 1197 662 nit,
1228 596 1262 646 ut
1284 597 1371 668 poeta

226 669 289 770 ipse
311 691 366 751 vim
391 691 555 749 sententiae
578 690 727 754 imrninuat
750 690 886 767 „Aeneas
910 689 1057 768 Lydorum
1081 710 1206 763 rnanutn,
1228 692 1297 755 boc
1318 702 1374 758 est

228 795 372 855 collectos
395 803 543 874 agrestes,
567 795 698 868 morat”;
722 795 821 874 itaque
844 793 977 873 copulam
1003 796 1170 854 necessario
1185 803 1293 874 poetae
1311 797 1373 854 red·
1467 837 1468 856 1

227 901 348 966 dandam
371 919 448 961 esse.
491 899 581 980 Atqui
610 899 653 960 ita
675 899 806 960 homines
836 899 991 960 acutiano
1015 900 1370 980 seipsiacumineeon·
1467 930 1468 963 1

227 1004 334 1087 figunt.
386 1003 452 1064 Non
481 1004 553 1066 vidit
575 1005 692 1064 Iahnius
715 1004 743 1064 id
778 1004 869 1083 ipsum
902 1004 1046 1064 iuteresse
1075 1004 1152 1064 inter
1170 1006 1318 1084 'poeticum
1344 1014 1375 1066 et

227 1111 390 1191 pedestrem
414 1129 597 1181 sermonem,
627 1116 661 1172 ut
682 1109 753 1168 illud
773 1112 826 1168 boe
848 1120 889 1168 est
910 1109 937 1166 iu
962 1109 1017 1169 hoc
1048 1109 1194 1172 toleretur
1215 1111 1263 1171 vel
1285 1111 1374 1170 etiarn
1467 1165 1468 1184 ,

226 1211 410 1296 requiretur,
433 1216 467 1278 ab
491 1217 542 1277 illo
565 1224 732 1296 respuatur.
776 1217 819 1275 Ac
841 1217 867 1277 si
890 1217 957 1298 quid
980 1223 1084 1288 restet,
1107 1218 1185 1296 quod
1204 1219 1259 1277 Te
1282 1217 1375 1278 offen·

227 1321 293 1393 dat,
316 1309 508 1392 Antlloni,
542 1321 570 1379 id
595 1340 682 1400 spero
714 1321 789 1382 scita
823 1320 1064 1400 pronuntiatione
1086 1321 1152 1382 tolli
1176 1341 1284 1401 posse,
1315 1342 1375 1380 non

226 1427 348 1486 inhibita
370 1435 439 1505 post
461 1445 572 1484 monum
595 1446 677 1489 voce.
725 1425 864 1505 Copulam
897 1427 946 1504 qui
969 1426 1063 1498 addit,
1093 1427 1192 1486 nescio
1226 1447 1262 1486 an
1286 1426 1375 1486 atribi-

226 1532 352 1614 guitatis
375 1532 483 1612 aliquid
500 1529 610 1590 inferat
624 1532 823 1610 incertumque
839 1530 996 1610 relinquat,
1013 1531 1110 1592 sintne
1124 1532 1176 1604 illi,
1199 1533 1248 1612 qui
1265 1552 1374 1612 agre·
1467 1579 1468 1598 2

227 1646 309 1700 stes
332 1637 485 1708 dicuntur,
515 1637 610 1715 Lydi,
641 1656 678 1694 an
704 1635 764 1694 alii.
821 1634 931 1715 Nempe
963 1636 1040 1714 quod
1071 1636 1221 1715 proserius
1244 1637 1377 1716 scriptor
1467 1659 1468 1706 3

225 1743 335 1810 dixerit
357 1742 526 1820 „Lydorum
552 1761 663 1800 uranum
688 1761 725 1800 ex
749 1740 863 1820 agresti
887 1739 960 1818 pube
983 1740 1175 1817 collectam,”
1205 1741 1235 1800 id
1257 1741 1286 1800 in
1310 1733 1374 1800 edam
1467 1777 1468 1812 ,

227 1847 338 1910 modurn
364 1845 477 1906 inflexit
500 1854 598 1926 poeta,
622 1866 704 1926 quam
729 1847 785 1906 hoc
800 1865 887 1906 versu
905 1844 1157 1924 deprehendimus.
1200 1847 1271 1918 „Aa
1295 1847 1376 1906 dixe·
1467 1869 1468 1872 ¹

226 1952 265 2010 rit
287 1951 403 2032 aliquis,
428 1970 565 2012 omnesne
580 1958 648 2010 sunt
664 1950 737 2028 Lydi
761 1949 946 2030 agrestesi”
977 1949 1099 2008 Scilicet
1113 1950 1202 2010 robur
1224 1950 1377 2011 exercitus

226 2053 422 2138 significatur,
446 2055 523 2136 quod
546 2055 622 2135 apud
645 2055 832 2132 Tyrrhenos,
857 2061 889 2112 ut
912 2053 987 2132 apud
1012 2053 1173 2126 Rorrrussos,
1196 2073 1233 2114 ex
1256 2054 1375 2134 agresti
1467 2093 1468 2128 ,

227 2161 378 2228 inventute
401 2161 566 2220 constabat.

310 2268 382 2328 Aen.
406 2270 436 2338 9,
460 2269 511 2326 tto.
557 2266 636 2324 duris
660 2267 742 2324 dolor
765 2266 869 2323 ossibus
891 2267 983 2324 ardet.

226 2373 325 2446 durus,
348 2373 426 2452 quod
449 2393 465 2431 e
489 2372 625 2450 Gudiano
649 2377 802 2441 enotatur,
833 2368 1062 2428 corurnendatuu
1087 2388 1104 2430 a
1127 2367 1308 2440 mosontio,
1330 2388 1375 2427 re·

224 2487 350 2539 vocatur
371 2498 389 2537 a
411 2477 586 2558 Ladewigio
611 2484 641 2536 ct
663 2477 801 2556 Hauptio.
847 2474 984 2554 Equidem
1009 2493 1067 2534 non
1090 2479 1161 2552 puto
1181 2473 1373 2532 deserendam

226 2601 292 2650 esse
315 2589 477 2642 ceterorum
503 2581 639 2644 librorum
664 2581 880 2644 auctoritatem.
925 2580 1033 2641 Facilis
1057 2600 1128 2640 sane
1151 2580 1318 2652 sententia,
1347 2583 1374 2640 si

226 2691 310 2754 dorus
333 2687 483 2767 scripserit
499 2684 658 2766 Vergilius,
680 2683 732 2743 sed
755 2689 833 2744 duris
848 2685 961 2746 minima
973 2685 1178 2744 reiectaneum.
1217 2685 1250 2745 si
1264 2687 1295 2758 8,
1307 2688 1372 2748 390

226 2790 309 2854 calor
330 2810 367 2852 ex
392 2786 472 2850 molli
494 2787 602 2848 affectu
626 2798 712 2848 nutus
736 2788 866 2854 Vulcano
887 2787 1146 2868 „liquefacta
1169 2809 1222 2867 per
1241 2810 1310 2850 ossa
1326 2810 1372 2850 cn·

225 2896 350 2968 currit”,
372 2896 441 2976 quid
464 2895 636 2966 mirabimur,
660 2895 685 2953 si
708 2897 739 2956 in
760 2896 910 2960 contraria
933 2915 1023 2956 causa
1041 2915 1110 2956 ossa
1132 2896 1343 2957 duranturi

311 3000 558 3082 deu-9,140sq.
604 3002 660 3060 Sed
679 3003 797 3074 periisse
819 3001 902 3060 semel
923 3004 990 3060 sotir
1012 3009 1068 3070 est,·
1087 3017 1210 3073 peccare
1229 3002 1331 3072 suisset

433 3085 438 3094 ⁸
597 3108 667 3166 Ante
679 3111 746 3167 sotis
759 3111 963 3182 penitusmodo
976 3125 1130 3182 ooopertus
1143 3125 1370 3186 omoeperosos.

223 3217 254 3273 Si
272 3215 391 3290 periisse
413 3210 502 3278 edidit
524 3210 736 3292 Ladawigius,
766 3214 822 3272 Sed
851 3212 974 3272 retinuit
996 3211 1161 3289 llauptius3
1194 3229 1289 3290 neque
1309 3229 1370 3290 ego

225 3318 376 3400 quidquam
401 3335 509 3376 causae
533 3315 627 3386 video,
652 3335 743 3395 quare
766 3315 939 3394 optimorum
964 3315 1102 3378 librorum
1126 3314 1210 3382 fidem
1232 3314 1370 3396 negliga-

225 3442 295 3482 mus.
323 3457 360 3465 -
407 3421 482 3480 ldem
507 3421 697 3500 Ladewigius
731 3441 770 3480 ex
801 3440 858 3481 uuo
890 3422 992 3481 codice
1013 3421 1128 3483 Veneto
1161 3419 1272 3499 recepit
1294 3438 1371 3478 nunc

222 3549 322 3605 penus,
351 3527 502 3610 probatum
534 3526 619 3584 etiam
653 3525 847 3606 Maritimum,
878 3527 1010 3597 llundio,
1041 3524 1193 3585 Dietschio
1224 3534 1255 3583 et
1277 3543 1372 3604 nuper

223 3633 286 3716 ipsi·
303 3632 441 3712 llauptio.
475 3633 557 3695 modo
580 3650 655 3692 nuuc
677 3651 715 3696 ex
738 3632 858 3712 linguae
880 3631 1005 3693 Latinae
1030 3630 1255 3700 consuetudine,
1279 3647 1368 3708 quan-

224 3747 282 3798 tum
307 3757 343 3798 ea
365 3737 448 3797 nobis
471 3736 594 3816 cognita
617 3743 674 3807 est,
697 3735 867 3818 significat:
890 3738 915 3796 si
939 3757 995 3798 nou
1009 3736 1079 3806 alio,
1104 3742 1135 3794 at
1156 3736 1212 3794 boc
1225 3743 1368 3820 tempore,

222 3861 278 3902 nor
294 3845 375 3920 J'ctst,
408 3859 464 3898 oar
486 3844 557 3898 diens
578 3843 651 3911 roal,
682 3841 760 3921 quod
791 3841 915 3902 alienum
939 3859 1005 3900 esse
1029 3859 1048 3898 a
1072 3839 1220 3898 sententia
1245 3837 1368 3920 Vergilii

224 3948 374 4018 existim03
406 3964 501 4024 neque
531 3944 604 4002 enim
636 3942 748 4016 refert,
783 3963 858 4010 nune
887 3965 924 4008 an
947 3943 1006 4003 alio
1031 3961 1088 4022 quo
1113 3950 1244 4021 tempore
1268 3942 1368 4003 odisse

223 4051 374 4116 debuerint
407 4067 501 4130 genus
531 4046 705 4118 femineum,
738 4049 790 4107 sed
823 4050 939 4112 ornnino
968 4048 1066 4106 odisse
1096 4047 1247 4106 debebant.
1293 4047 1365 4106 Nam

223 4154 299 4233 quod
323 4153 453 4212 llandius
476 4153 548 4210 baec
571 4153 719 4231 componit
742 4173 805 4214 eum
829 4172 915 4215 uersu
939 4152 1110 4218 Tibulliano
1124 4155 1151 4226 l,
1168 4155 1194 4222 l,
1209 4154 1247 4212 25
1273 4152 1366 4222 „lam

223 4258 329 4316 modo
354 4277 452 4317 nunc
481 4276 599 4340 possunt
628 4265 784 4316 contentus
815 4259 912 4319 vivere
935 4258 1066 4336 parvo,”
1096 4276 1131 4316 eo
1158 4256 1224 4314 nihil
1249 4256 1367 4336 probari

227 4362 294 4422 milri
318 4361 451 4434 videtur,
476 4361 706 4445 quandoquidem
730 4370 799 4428 aute
822 4359 998 4446 probandum
1022 4359 1079 4426 fnit
1102 4360 1194 4440 ipsum
1218 4359 1288 4419 illud
1309 4363 1367 4420 tam
