<?xml version="1.0" encoding="UTF-8"?>
<!DOCTYPE html PUBLIC "-//W3C//DTD XHTML 1.0 Transitional//EN"
    "http://www.w3.org/TR/xhtml1/DTD/xhtml1-transitional.dtd">
<html xmlns="http://www.w3.org/1999/xhtml" xml:lang="en" lang="en">
 <head>
  <title>
</title>
<meta http-equiv="Content-Type" content="text/html;charset=utf-8" />
  <meta name='ocr-system' content='tesseract 3.04.00' />
  <meta name='ocr-capabilities' content='ocr_page ocr_carea ocr_par ocr_line ocrx_word'/>
</head>
<body>
  <div class='ocr_page' id='page_1' title='image "./lectionumvergil00wagngoog_0127.png"; bbox 0 0 2940 4894; ppageno 0'>
   <div class='ocr_carea' id='block_1_1' title="bbox 213 207 910 278">
    <p class='ocr_par' dir='ltr' id='par_1_1' title="bbox 213 207 910 278">
     <span class='ocr_line' id='line_1_1' title="bbox 213 207 910 278; baseline -0.007 -15"><span class='ocrx_word' id='word_1_1' title='bbox 213 207 277 271; x_wconf 70' lang='lat'><strong>120</strong></span> <span class='ocrx_word' id='word_1_2' title='bbox 637 207 757 276; x_wconf 74' lang='lat' dir='ltr'><strong>Philippi</strong></span> <span class='ocrx_word' id='word_1_3' title='bbox 776 209 910 278; x_wconf 71' lang='lat' dir='ltr'><strong>Wagneri</strong></span> 
     </span>
    </p>
   </div>
   <div class='ocr_carea' id='block_1_2' title="bbox 206 356 1356 3908">
    <p class='ocr_par' dir='ltr' id='par_1_2' title="bbox 206 356 1356 3908">
     <span class='ocr_line' id='line_1_2' title="bbox 278 356 1356 445; baseline 0.002 -21"><span class='ocrx_word' id='word_1_4' title='bbox 278 365 310 436; x_wconf 89' lang='grc'><strong><em>3,</em></strong></span> <span class='ocrx_word' id='word_1_5' title='bbox 319 365 382 424; x_wconf 79' lang='grc'><strong>350</strong></span> <span class='ocrx_word' id='word_1_6' title='bbox 406 356 461 424; x_wconf 78' lang='grc' dir='ltr'><strong><em>οὔτ’</em></strong></span> <span class='ocrx_word' id='word_1_7' title='bbox 486 356 564 440; x_wconf 70' lang='lat' dir='ltr'><strong>utiq</strong></span> <span class='ocrx_word' id='word_1_8' title='bbox 585 363 751 440; x_wconf 79' lang='grc' dir='ltr'><strong><em>μαλακῶς,</em></strong></span> <span class='ocrx_word' id='word_1_9' title='bbox 783 359 846 428; x_wconf 74' lang='grc' dir='ltr'><strong><em>οὔτε</em></strong></span> <span class='ocrx_word' id='word_1_10' title='bbox 868 361 1020 436; x_wconf 76' lang='grc' dir='ltr'><strong><em>ξείνοισιν,</em></strong></span> <span class='ocrx_word' id='word_1_11' title='bbox 1037 358 1197 445; x_wconf 63' lang='lat' dir='ltr'><strong>{incidam</strong></span> <span class='ocrx_word' id='word_1_12' title='bbox 1226 365 1272 424; x_wconf 84' lang='lat' dir='ltr'><strong>ubi</strong></span> <span class='ocrx_word' id='word_1_13' title='bbox 1296 385 1356 426; x_wconf 85' lang='lat' dir='ltr'><strong>me·</strong></span> 
     </span>
     <span class='ocr_line' id='line_1_3' title="bbox 843 466 1356 549; baseline 0.004 -23"><span class='ocrx_word' id='word_1_14' title='bbox 843 466 899 528; x_wconf 85' lang='lat' dir='ltr'><strong>lius</strong></span> <span class='ocrx_word' id='word_1_15' title='bbox 921 468 1055 530; x_wconf 86' lang='lat' dir='ltr'><strong>omiseris</strong></span> <span class='ocrx_word' id='word_1_16' title='bbox 1077 470 1356 549; x_wconf 79' lang='lat' dir='ltr'><strong>interpunctionem.</strong></span> 
     </span>
     <span class='ocr_line' id='line_1_4' title="bbox 296 567 547 648; baseline -0.004 -19"><span class='ocrx_word' id='word_1_17' title='bbox 296 567 331 648; x_wconf 83' lang='lat'><strong>7)</strong></span> <span class='ocrx_word' id='word_1_18' title='bbox 355 569 385 628; x_wconf 89' lang='lat' dir='ltr'><strong>io</strong></span> <span class='ocrx_word' id='word_1_19' title='bbox 404 570 547 647; x_wconf 83' lang='lat' dir='ltr'><strong>esyadato</strong></span> 
     </span>
     <span class='ocr_line' id='line_1_5' title="bbox 212 672 1210 756; baseline 0.002 -20"><span class='ocrx_word' id='word_1_20' title='bbox 212 675 245 736; x_wconf 93' lang='grc' dir='ltr'><strong>ΙΙ.</strong></span> <span class='ocrx_word' id='word_1_21' title='bbox 258 678 310 747; x_wconf 79' lang='lat'><strong>22,</strong></span> <span class='ocrx_word' id='word_1_22' title='bbox 323 675 386 736; x_wconf 79' lang='lat'><strong>386</strong></span> <span class='ocrx_word' id='word_1_23' title='bbox 867 672 1026 748; x_wconf 76' lang='grc' dir='ltr'><strong><em>ἄκλαυτος,</em></strong></span> <span class='ocrx_word' id='word_1_24' title='bbox 1042 673 1046 756; x_wconf 71' lang='lat' dir='ltr'><strong>&#39;p</strong></span> <span class='ocrx_word' id='word_1_25' title='bbox 1062 673 1210 750; x_wconf 73' lang='grc' dir='ltr'><strong><em>ἄθαπτος,</em></strong></span> 
     </span>
     <span class='ocr_line' id='line_1_6' title="bbox 298 777 1356 862; baseline 0.006 -23"><span class='ocrx_word' id='word_1_26' title='bbox 298 778 327 861; x_wconf 88' lang='grc'><strong>8)</strong></span> <span class='ocrx_word' id='word_1_27' title='bbox 351 784 420 838; x_wconf 88' lang='lat' dir='ltr'><strong>ante</strong></span> <span class='ocrx_word' id='word_1_28' title='bbox 441 779 489 838; x_wconf 76' lang='lat' dir='ltr'><strong>iau</strong></span> <span class='ocrx_word' id='word_1_29' title='bbox 512 777 665 838; x_wconf 79' lang='lat' dir='ltr'><strong>consitium</strong></span> <span class='ocrx_word' id='word_1_30' title='bbox 695 777 771 836; x_wconf 87' lang='lat' dir='ltr'><strong>haud</strong></span> <span class='ocrx_word' id='word_1_31' title='bbox 793 778 856 839; x_wconf 87' lang='lat' dir='ltr'><strong>sine</strong></span> <span class='ocrx_word' id='word_1_32' title='bbox 880 781 1001 859; x_wconf 85' lang='lat' dir='ltr'><strong>quodam</strong></span> <span class='ocrx_word' id='word_1_33' title='bbox 1024 781 1183 862; x_wconf 79' lang='lat' dir='ltr'><strong>gravitatis</strong></span> <span class='ocrx_word' id='word_1_34' title='bbox 1205 781 1356 862; x_wconf 77' lang='lat' dir='ltr'><strong>significa·</strong></span> 
     </span>
     <span class='ocr_line' id='line_1_7' title="bbox 211 885 445 948; baseline -0.009 -4"><span class='ocrx_word' id='word_1_35' title='bbox 211 885 292 948; x_wconf 89' lang='lat' dir='ltr'><strong>tione</strong></span> <span class='ocrx_word' id='word_1_36' title='bbox 314 885 445 944; x_wconf 83' lang='lat' dir='ltr'><strong>indicans</strong></span> 
     </span>
     <span class='ocr_line' id='line_1_8' title="bbox 211 977 1175 1073; baseline -0.001 -22"><span class='ocrx_word' id='word_1_37' title='bbox 211 989 306 1062; x_wconf 75' lang='lat' dir='ltr'><strong>oda,</strong></span> <span class='ocrx_word' id='word_1_38' title='bbox 318 992 375 1047; x_wconf 80' lang='lat'><strong>111</strong></span> <span class='ocrx_word' id='word_1_39' title='bbox 404 992 451 1048; x_wconf 81' lang='lat' dir='ltr'><strong>coi</strong></span> <span class='ocrx_word' id='word_1_40' title='bbox 473 983 505 1048; x_wconf 77' lang='grc' dir='ltr'><strong>δ’</strong></span> <span class='ocrx_word' id='word_1_41' title='bbox 530 981 589 1050; x_wconf 82' lang='grc' dir='ltr'><strong>ὧδε</strong></span> <span class='ocrx_word' id='word_1_42' title='bbox 610 989 767 1069; x_wconf 72' lang='grc' dir='ltr'><strong><em>μνηστῆρες</em></strong></span> <span class='ocrx_word' id='word_1_43' title='bbox 788 985 1008 1069; x_wconf 69' lang='grc' dir='ltr'><strong><em>ὑποκρίνονται,</em></strong></span> <span class='ocrx_word' id='word_1_44' title='bbox 1020 977 1027 1073; x_wconf 90' lang='grc' dir='ltr'>Ι</span> <span class='ocrx_word' id='word_1_45' title='bbox 1040 985 1072 1051; x_wconf 84' lang='lat' dir='ltr'><strong>iu’</strong></span> <span class='ocrx_word' id='word_1_46' title='bbox 1096 986 1175 1070; x_wconf 72' lang='grc' dir='ltr'><strong><em>εἰδῇς</em></strong></span> 
     </span>
     <span class='ocr_line' id='line_1_9' title="bbox 407 1089 1137 1175; baseline 0.004 -21"><span class='ocrx_word' id='word_1_47' title='bbox 407 1089 494 1166; x_wconf 75' lang='grc' dir='ltr'><strong><em>οὗτός</em></strong></span> <span class='ocrx_word' id='word_1_48' title='bbox 516 1093 559 1174; x_wconf 77' lang='grc' dir='ltr'><strong>σῷ</strong></span> <span class='ocrx_word' id='word_1_49' title='bbox 582 1093 691 1172; x_wconf 77' lang='grc' dir='ltr'><strong><em>θυμῷ,</em></strong></span> <span class='ocrx_word' id='word_1_50' title='bbox 714 1089 816 1155; x_wconf 74' lang='lat' dir='ltr'><strong>alduini</strong></span> <span class='ocrx_word' id='word_1_51' title='bbox 839 1089 870 1153; x_wconf 81' lang='lat' dir='ltr'><strong>di</strong></span> <span class='ocrx_word' id='word_1_52' title='bbox 891 1092 994 1167; x_wconf 81' lang='grc' dir='ltr'><strong><em>πάντες</em></strong></span> <span class='ocrx_word' id='word_1_53' title='bbox 1010 1091 1137 1175; x_wconf 76' lang='grc' dir='ltr'><strong><em>Ἀχαιοί·</em></strong></span> 
     </span>
     <span class='ocr_line' id='line_1_10' title="bbox 209 1197 1352 1282; baseline 0.002 -23"><span class='ocrx_word' id='word_1_54' title='bbox 209 1201 292 1282; x_wconf 83' lang='lat' dir='ltr'>Apud</span> <span class='ocrx_word' id='word_1_55' title='bbox 322 1199 508 1279; x_wconf 82' lang='lat' dir='ltr'><strong>Apollonium</strong></span> <span class='ocrx_word' id='word_1_56' title='bbox 537 1199 652 1279; x_wconf 87' lang='lat' dir='ltr'><strong>quidem</strong></span> <span class='ocrx_word' id='word_1_57' title='bbox 684 1217 771 1258; x_wconf 89' lang='lat' dir='ltr'><strong>unum</strong></span> <span class='ocrx_word' id='word_1_58' title='bbox 793 1205 856 1270; x_wconf 83' lang='lat' dir='ltr'><strong>est,</strong></span> <span class='ocrx_word' id='word_1_59' title='bbox 886 1198 940 1258; x_wconf 87' lang='lat' dir='ltr'><strong>nisi</strong></span> <span class='ocrx_word' id='word_1_60' title='bbox 961 1197 1070 1274; x_wconf 83' lang='lat' dir='ltr'><strong>failor,</strong></span> <span class='ocrx_word' id='word_1_61' title='bbox 1101 1201 1186 1260; x_wconf 86' lang='lat' dir='ltr'><strong>huius</strong></span> <span class='ocrx_word' id='word_1_62' title='bbox 1209 1219 1352 1262; x_wconf 76' lang='lat' dir='ltr'><strong>caesurae</strong></span> 
     </span>
     <span class='ocr_line' id='line_1_11' title="bbox 212 1305 538 1386; baseline -0.009 -20"><span class='ocrx_word' id='word_1_63' title='bbox 212 1305 375 1386; x_wconf 82' lang='lat' dir='ltr'><strong>exemplum</strong></span> <span class='ocrx_word' id='word_1_64' title='bbox 400 1309 430 1377; x_wconf 76' lang='lat' dir='ltr'><strong>d,</strong></span> <span class='ocrx_word' id='word_1_65' title='bbox 456 1307 538 1364; x_wconf 76' lang='lat'>1408</span> 
     </span>
     <span class='ocr_line' id='line_1_12' title="bbox 529 1404 1162 1490; baseline 0.005 -20"><span class='ocrx_word' id='word_1_66' title='bbox 529 1413 576 1470; x_wconf 79' lang='lat' dir='ltr'><strong>nu</strong></span> <span class='ocrx_word' id='word_1_67' title='bbox 597 1404 630 1469; x_wconf 78' lang='grc' dir='ltr'><strong>δ’</strong></span> <span class='ocrx_word' id='word_1_68' title='bbox 652 1407 729 1490; x_wconf 79' lang='grc' dir='ltr'><strong><em>αἶψα</em></strong></span> <span class='ocrx_word' id='word_1_69' title='bbox 751 1406 831 1482; x_wconf 84' lang='grc' dir='ltr'><strong><em>κόνις</em></strong></span> <span class='ocrx_word' id='word_1_70' title='bbox 851 1413 901 1470; x_wconf 69' lang='grc' dir='ltr'><strong>καὶ</strong></span> <span class='ocrx_word' id='word_1_71' title='bbox 922 1407 1026 1490; x_wconf 51' lang='lat' dir='ltr'><strong>poich!</strong></span> <span class='ocrx_word' id='word_1_72' title='bbox 1041 1407 1162 1473; x_wconf 83' lang='grc' dir='ltr'><strong><em>κιόντων</em></strong></span> 
     </span>
     <span class='ocr_line' id='line_1_13' title="bbox 403 1499 1258 1594; baseline -0.004 -18"><span class='ocrx_word' id='word_1_73' title='bbox 403 1510 568 1594; x_wconf 73' lang='grc' dir='ltr'><strong><em>ἐσσομένας</em></strong></span> <span class='ocrx_word' id='word_1_74' title='bbox 572 1558 585 1586; x_wconf 95' lang='grc'><strong><em>,</em></strong></span> <span class='ocrx_word' id='word_1_75' title='bbox 608 1510 737 1592; x_wconf 74' lang='grc' dir='ltr'><strong><em>ἐγένοντο</em></strong></span> <span class='ocrx_word' id='word_1_76' title='bbox 760 1513 930 1588; x_wconf 65' lang='grc' dir='ltr'><strong><em>καταυτόθι.</em></strong></span> <span class='ocrx_word' id='word_1_77' title='bbox 1229 1499 1258 1594; x_wconf 31' lang='grc' dir='ltr'><strong><em>Ἰ</em></strong></span> 
     </span>
     <span class='ocr_line' id='line_1_14' title="bbox 294 1618 1353 1700; baseline 0.001 -21"><span class='ocrx_word' id='word_1_78' title='bbox 294 1622 424 1699; x_wconf 81' lang='lat' dir='ltr'><strong>Apparet</strong></span> <span class='ocrx_word' id='word_1_79' title='bbox 455 1621 547 1700; x_wconf 77' lang='lat' dir='ltr'><strong>igitur</strong></span> <span class='ocrx_word' id='word_1_80' title='bbox 573 1619 729 1678; x_wconf 85' lang='lat' dir='ltr'><strong>Homerum</strong></span> <span class='ocrx_word' id='word_1_81' title='bbox 763 1636 879 1697; x_wconf 91' lang='lat' dir='ltr'><strong>quoque</strong></span> <span class='ocrx_word' id='word_1_82' title='bbox 902 1618 1146 1699; x_wconf 78' lang='lat' dir='ltr'><strong>Apolloniumque</strong></span> <span class='ocrx_word' id='word_1_83' title='bbox 1174 1619 1353 1680; x_wconf 76' lang='lat' dir='ltr'><strong>abstinuisse</strong></span> 
     </span>
     <span class='ocr_line' id='line_1_15' title="bbox 211 1723 1354 1806; baseline 0.001 -22"><span class='ocrx_word' id='word_1_84' title='bbox 211 1724 265 1784; x_wconf 85' lang='lat' dir='ltr'><strong>tali</strong></span> <span class='ocrx_word' id='word_1_85' title='bbox 287 1744 428 1797; x_wconf 86' lang='lat' dir='ltr'><strong>caesura,</strong></span> <span class='ocrx_word' id='word_1_86' title='bbox 462 1724 574 1804; x_wconf 85' lang='lat' dir='ltr'><strong>qualem</strong></span> <span class='ocrx_word' id='word_1_87' title='bbox 601 1724 656 1784; x_wconf 86' lang='lat' dir='ltr'><strong>uiri</strong></span> <span class='ocrx_word' id='word_1_88' title='bbox 686 1724 765 1783; x_wconf 90' lang='lat' dir='ltr'><strong>docti</strong></span> <span class='ocrx_word' id='word_1_89' title='bbox 788 1723 963 1785; x_wconf 83' lang='lat' dir='ltr'><strong>invexerunt</strong></span> <span class='ocrx_word' id='word_1_90' title='bbox 986 1724 1117 1806; x_wconf 78' lang='lat' dir='ltr'><strong>Vergilio</strong></span> <span class='ocrx_word' id='word_1_91' title='bbox 1140 1725 1212 1786; x_wconf 87' lang='lat' dir='ltr'><strong>Aen.</strong></span> <span class='ocrx_word' id='word_1_92' title='bbox 1235 1729 1265 1797; x_wconf 88' lang='lat'><strong>8,</strong></span> <span class='ocrx_word' id='word_1_93' title='bbox 1288 1728 1354 1785; x_wconf 82' lang='lat'><strong>532</strong></span> 
     </span>
     <span class='ocr_line' id='line_1_16' title="bbox 211 1831 336 1890; baseline 0.016 -2"><span class='ocrx_word' id='word_1_94' title='bbox 211 1834 242 1888; x_wconf 92' lang='lat' dir='ltr'><strong>ot</strong></span> <span class='ocrx_word' id='word_1_95' title='bbox 263 1831 336 1890; x_wconf 73' lang='lat'><strong>533.</strong></span> 
     </span>
     <span class='ocr_line' id='line_1_17' title="bbox 301 1935 625 2009; baseline 0.003 -14"><span class='ocrx_word' id='word_1_96' title='bbox 301 1935 373 1996; x_wconf 82' lang='lat' dir='ltr'><strong>Aen.</strong></span> <span class='ocrx_word' id='word_1_97' title='bbox 398 1938 427 2009; x_wconf 86' lang='grc'><strong><em>9,</em></strong></span> <span class='ocrx_word' id='word_1_98' title='bbox 452 1937 625 1996; x_wconf 48' lang='grc'><strong>33941.</strong></span> 
     </span>
     <span class='ocr_line' id='line_1_18' title="bbox 426 2040 1158 2121; baseline 0 -21"><span class='ocrx_word' id='word_1_99' title='bbox 426 2043 560 2121; x_wconf 88' lang='lat' dir='ltr'><strong>inpastus</strong></span> <span class='ocrx_word' id='word_1_100' title='bbox 583 2061 636 2101; x_wconf 91' lang='lat' dir='ltr'><strong>ceu</strong></span> <span class='ocrx_word' id='word_1_101' title='bbox 658 2041 745 2121; x_wconf 86' lang='lat' dir='ltr'><strong>plena</strong></span> <span class='ocrx_word' id='word_1_102' title='bbox 767 2041 814 2101; x_wconf 89' lang='lat' dir='ltr'><strong>leo</strong></span> <span class='ocrx_word' id='word_1_103' title='bbox 839 2061 891 2120; x_wconf 86' lang='lat' dir='ltr'><strong>por</strong></span> <span class='ocrx_word' id='word_1_104' title='bbox 913 2040 1002 2102; x_wconf 85' lang='lat' dir='ltr'><strong>ovilia</strong></span> <span class='ocrx_word' id='word_1_105' title='bbox 1023 2040 1158 2114; x_wconf 83' lang='lat' dir='ltr'><strong>turbans3</strong></span> 
     </span>
     <span class='ocr_line' id='line_1_19' title="bbox 420 2145 1250 2226; baseline 0 -20"><span class='ocrx_word' id='word_1_106' title='bbox 420 2147 533 2207; x_wconf 87' lang='lat' dir='ltr'><strong>Suadet</strong></span> <span class='ocrx_word' id='word_1_107' title='bbox 555 2147 630 2208; x_wconf 88' lang='lat' dir='ltr'><strong>enim</strong></span> <span class='ocrx_word' id='word_1_108' title='bbox 652 2167 761 2209; x_wconf 88' lang='lat' dir='ltr'><strong>vesana</strong></span> <span class='ocrx_word' id='word_1_109' title='bbox 782 2146 891 2220; x_wconf 83' lang='lat' dir='ltr'><strong>fomes3</strong></span> <span class='ocrx_word' id='word_1_110' title='bbox 914 2145 1080 2226; x_wconf 84' lang='lat' dir='ltr'><strong>manditque</strong></span> <span class='ocrx_word' id='word_1_111' title='bbox 1102 2146 1250 2225; x_wconf 82' lang='lat' dir='ltr'><strong>trahitque</strong></span> 
     </span>
     <span class='ocr_line' id='line_1_20' title="bbox 421 2241 633 2332; baseline -0.005 -22"><span class='ocrx_word' id='word_1_112' title='bbox 421 2241 513 2312; x_wconf 83' lang='lat' dir='ltr'><strong>Mulie</strong></span> <span class='ocrx_word' id='word_1_113' title='bbox 534 2271 633 2332; x_wconf 87' lang='lat' dir='ltr'><strong>pecus.</strong></span> 
     </span>
     <span class='ocr_line' id='line_1_21' title="bbox 210 2354 1349 2436; baseline -0.002 -20"><span class='ocrx_word' id='word_1_114' title='bbox 210 2354 400 2436; x_wconf 79' lang='lat' dir='ltr'><strong>Ladewigiur</strong></span> <span class='ocrx_word' id='word_1_115' title='bbox 423 2357 559 2417; x_wconf 82' lang='lat' dir='ltr'><strong>Jairnium</strong></span> <span class='ocrx_word' id='word_1_116' title='bbox 581 2362 700 2415; x_wconf 84' lang='lat' dir='ltr'><strong>secutus</strong></span> <span class='ocrx_word' id='word_1_117' title='bbox 724 2355 846 2416; x_wconf 83' lang='lat' dir='ltr'><strong>mutavit</strong></span> <span class='ocrx_word' id='word_1_118' title='bbox 869 2354 1131 2435; x_wconf 83' lang='lat' dir='ltr'><strong>interpunctionem</strong></span> <span class='ocrx_word' id='word_1_119' title='bbox 1153 2357 1228 2415; x_wconf 87' lang='lat' dir='ltr'><strong>huuc</strong></span> <span class='ocrx_word' id='word_1_120' title='bbox 1243 2355 1271 2415; x_wconf 91' lang='lat' dir='ltr'><strong>in</strong></span> <span class='ocrx_word' id='word_1_121' title='bbox 1289 2375 1349 2414; x_wconf 91' lang='lat' dir='ltr'><strong>mo·</strong></span> 
     </span>
     <span class='ocr_line' id='line_1_22' title="bbox 211 2461 1350 2536; baseline 0.001 -17"><span class='ocrx_word' id='word_1_122' title='bbox 211 2461 297 2520; x_wconf 72' lang='lat' dir='ltr'><strong>duma</strong></span> <span class='ocrx_word' id='word_1_123' title='bbox 326 2461 442 2520; x_wconf 76' lang='lat' dir='ltr'><strong>mnium</strong></span> <span class='ocrx_word' id='word_1_124' title='bbox 466 2495 507 2505; x_wconf 93' lang='lat'>—</span> <span class='ocrx_word' id='word_1_125' title='bbox 537 2464 642 2522; x_wconf 84' lang='lat' dir='ltr'><strong>Suadet</strong></span> <span class='ocrx_word' id='word_1_126' title='bbox 669 2463 742 2519; x_wconf 83' lang='lat' dir='ltr'><strong>enim</strong></span> <span class='ocrx_word' id='word_1_127' title='bbox 771 2479 874 2518; x_wconf 84' lang='lat' dir='ltr'><strong>cesana</strong></span> <span class='ocrx_word' id='word_1_128' title='bbox 912 2463 1001 2534; x_wconf 67' lang='lat' dir='ltr'><strong>tamer</strong></span> <span class='ocrx_word' id='word_1_129' title='bbox 1032 2491 1074 2503; x_wconf 87' lang='lat'><em>-</em></span> <span class='ocrx_word' id='word_1_130' title='bbox 1103 2463 1262 2536; x_wconf 79' lang='lat' dir='ltr'><strong>manditque</strong></span> <span class='ocrx_word' id='word_1_131' title='bbox 1291 2469 1350 2520; x_wconf 88' lang='lat' dir='ltr'><strong>etc.</strong></span> 
     </span>
     <span class='ocr_line' id='line_1_23' title="bbox 210 2566 1344 2646; baseline 0 -22"><span class='ocrx_word' id='word_1_132' title='bbox 210 2567 371 2646; x_wconf 85' lang='lat' dir='ltr'><strong>Hauptius,</strong></span> <span class='ocrx_word' id='word_1_133' title='bbox 394 2573 427 2625; x_wconf 90' lang='lat' dir='ltr'><strong>ut</strong></span> <span class='ocrx_word' id='word_1_134' title='bbox 450 2567 649 2627; x_wconf 81' lang='lat' dir='ltr'><strong>Burmannus:</strong></span> <span class='ocrx_word' id='word_1_135' title='bbox 680 2566 795 2625; x_wconf 80' lang='lat' dir='ltr'><strong>turtum</strong></span> <span class='ocrx_word' id='word_1_136' title='bbox 816 2566 937 2638; x_wconf 81' lang='lat' dir='ltr'><strong>(Suadet</strong></span> <span class='ocrx_word' id='word_1_137' title='bbox 956 2583 980 2622; x_wconf 87' lang='lat' dir='ltr'><strong>e.</strong></span> <span class='ocrx_word' id='word_1_138' title='bbox 1003 2583 1029 2623; x_wconf 88' lang='grc' dir='ltr'><strong>ο.</strong></span> <span class='ocrx_word' id='word_1_139' title='bbox 1050 2567 1156 2638; x_wconf 78' lang='lat' dir='ltr'><strong>fames)</strong></span> <span class='ocrx_word' id='word_1_140' title='bbox 1186 2567 1344 2640; x_wconf 76' lang='lat' dir='ltr'><strong>manditque</strong></span> 
     </span>
     <span class='ocr_line' id='line_1_24' title="bbox 209 2669 1347 2752; baseline -0.003 -22"><span class='ocrx_word' id='word_1_141' title='bbox 209 2677 266 2730; x_wconf 86' lang='lat' dir='ltr'><strong>etc.</strong></span> <span class='ocrx_word' id='word_1_142' title='bbox 310 2671 410 2751; x_wconf 89' lang='lat' dir='ltr'><strong>Neque</strong></span> <span class='ocrx_word' id='word_1_143' title='bbox 433 2691 510 2750; x_wconf 77' lang='lat' dir='ltr'><strong>ego,</strong></span> <span class='ocrx_word' id='word_1_144' title='bbox 531 2691 601 2744; x_wconf 91' lang='lat' dir='ltr'><strong>nec,</strong></span> <span class='ocrx_word' id='word_1_145' title='bbox 631 2671 753 2752; x_wconf 85' lang='lat' dir='ltr'><strong>opinor,</strong></span> <span class='ocrx_word' id='word_1_146' title='bbox 784 2669 928 2747; x_wconf 85' lang='lat' dir='ltr'><strong>Heynius,</strong></span> <span class='ocrx_word' id='word_1_147' title='bbox 958 2688 1011 2729; x_wconf 89' lang='lat' dir='ltr'><strong>uec</strong></span> <span class='ocrx_word' id='word_1_148' title='bbox 1042 2670 1148 2742; x_wconf 87' lang='lat' dir='ltr'><strong>ceteri,</strong></span> <span class='ocrx_word' id='word_1_149' title='bbox 1172 2670 1244 2728; x_wconf 84' lang='lat' dir='ltr'><strong>hoec</strong></span> <span class='ocrx_word' id='word_1_150' title='bbox 1275 2687 1347 2744; x_wconf 83' lang='lat' dir='ltr'><strong>„per</strong></span> 
     </span>
     <span class='ocr_line' id='line_1_25' title="bbox 209 2770 1346 2855; baseline 0.001 -22"><span class='ocrx_word' id='word_1_151' title='bbox 209 2778 294 2834; x_wconf 85' lang='lat' dir='ltr'><strong>ouilia</strong></span> <span class='ocrx_word' id='word_1_152' title='bbox 315 2777 430 2834; x_wconf 76' lang='lat' dir='ltr'><strong>turbans</strong></span> <span class='ocrx_word' id='word_1_153' title='bbox 451 2779 611 2852; x_wconf 80' lang='lat' dir='ltr'><strong>manditque</strong></span> <span class='ocrx_word' id='word_1_154' title='bbox 632 2778 770 2851; x_wconf 73' lang='lat' dir='ltr'><strong>trahitque</strong></span> <span class='ocrx_word' id='word_1_155' title='bbox 793 2777 871 2834; x_wconf 75' lang='lat' dir='ltr'><strong>Molle</strong></span> <span class='ocrx_word' id='word_1_156' title='bbox 891 2770 998 2849; x_wconf 81' lang='lat' dir='ltr'><strong>pecus”</strong></span> <span class='ocrx_word' id='word_1_157' title='bbox 1026 2794 1084 2833; x_wconf 88' lang='lat' dir='ltr'><strong>non</strong></span> <span class='ocrx_word' id='word_1_158' title='bbox 1106 2775 1254 2855; x_wconf 79' lang='lat' dir='ltr'><strong>iungendo</strong></span> <span class='ocrx_word' id='word_1_159' title='bbox 1276 2774 1346 2834; x_wconf 90' lang='lat' dir='ltr'><strong>iudi·</strong></span> 
     </span>
     <span class='ocr_line' id='line_1_26' title="bbox 209 2880 1345 2962; baseline 0.002 -24"><span class='ocrx_word' id='word_1_160' title='bbox 209 2880 352 2953; x_wconf 88' lang='lat' dir='ltr'><strong>cavimus;</strong></span> <span class='ocrx_word' id='word_1_161' title='bbox 376 2881 529 2953; x_wconf 82' lang='lat' dir='ltr'><strong>senionia,</strong></span> <span class='ocrx_word' id='word_1_162' title='bbox 552 2902 626 2962; x_wconf 85' lang='lat' dir='ltr'><strong>quae</strong></span> <span class='ocrx_word' id='word_1_163' title='bbox 650 2883 749 2962; x_wconf 88' lang='lat' dir='ltr'><strong>posuit</strong></span> <span class='ocrx_word' id='word_1_164' title='bbox 770 2882 916 2958; x_wconf 84' lang='lat' dir='ltr'><strong>Heynius,</strong></span> <span class='ocrx_word' id='word_1_165' title='bbox 939 2881 1071 2952; x_wconf 87' lang='lat' dir='ltr'><strong>servavi,</strong></span> <span class='ocrx_word' id='word_1_166' title='bbox 1099 2901 1156 2960; x_wconf 92' lang='lat' dir='ltr'><strong>quo</strong></span> <span class='ocrx_word' id='word_1_167' title='bbox 1180 2881 1231 2940; x_wconf 85' lang='lat' dir='ltr'><strong>ilia</strong></span> <span class='ocrx_word' id='word_1_168' title='bbox 1254 2885 1345 2954; x_wconf 85' lang='lat' dir='ltr'><strong>„Sao-</strong></span> 
     </span>
     <span class='ocr_line' id='line_1_27' title="bbox 207 2981 1345 3066; baseline 0.002 -22"><span class='ocrx_word' id='word_1_169' title='bbox 207 2987 254 3044; x_wconf 83' lang='lat' dir='ltr'><strong>det</strong></span> <span class='ocrx_word' id='word_1_170' title='bbox 274 2989 347 3044; x_wconf 86' lang='lat' dir='ltr'><strong>enim</strong></span> <span class='ocrx_word' id='word_1_171' title='bbox 369 3005 472 3046; x_wconf 79' lang='grc' dir='ltr'><strong><em>οοτοοσ</em></strong></span> <span class='ocrx_word' id='word_1_172' title='bbox 491 2981 605 3061; x_wconf 77' lang='lat' dir='ltr'><strong>fumct”</strong></span> <span class='ocrx_word' id='word_1_173' title='bbox 627 2988 806 3047; x_wconf 79' lang='lat' dir='ltr'><strong>secluderem</strong></span> <span class='ocrx_word' id='word_1_174' title='bbox 826 3007 845 3046; x_wconf 85' lang='lat' dir='ltr'><strong>a</strong></span> <span class='ocrx_word' id='word_1_175' title='bbox 866 2987 980 3066; x_wconf 81' lang='lat' dir='ltr'><strong>reliqua</strong></span> <span class='ocrx_word' id='word_1_176' title='bbox 1002 2987 1147 3046; x_wconf 89' lang='lat' dir='ltr'><strong>oratione.</strong></span> <span class='ocrx_word' id='word_1_177' title='bbox 1192 2987 1250 3046; x_wconf 89' lang='lat' dir='ltr'><strong>Sed</strong></span> <span class='ocrx_word' id='word_1_178' title='bbox 1265 3007 1345 3066; x_wconf 87' lang='lat' dir='ltr'><strong>prae·</strong></span> 
     </span>
     <span class='ocr_line' id='line_1_28' title="bbox 207 3089 1347 3174; baseline 0.003 -27"><span class='ocrx_word' id='word_1_179' title='bbox 207 3089 317 3148; x_wconf 89' lang='lat' dir='ltr'><strong>stiterit</strong></span> <span class='ocrx_word' id='word_1_180' title='bbox 346 3093 466 3151; x_wconf 87' lang='lat' dir='ltr'><strong>cavendi</strong></span> <span class='ocrx_word' id='word_1_181' title='bbox 498 3093 606 3153; x_wconf 85' lang='lat' dir='ltr'><strong>erroris</strong></span> <span class='ocrx_word' id='word_1_182' title='bbox 638 3112 727 3152; x_wconf 85' lang='lat' dir='ltr'><strong>causa</strong></span> <span class='ocrx_word' id='word_1_183' title='bbox 748 3092 795 3153; x_wconf 83' lang='lat' dir='ltr'><strong>uei</strong></span> <span class='ocrx_word' id='word_1_184' title='bbox 822 3091 1063 3151; x_wconf 87' lang='lat' dir='ltr'><strong>Burmanniauam</strong></span> <span class='ocrx_word' id='word_1_185' title='bbox 1093 3091 1235 3152; x_wconf 84' lang='lat' dir='ltr'><strong>rationem</strong></span> <span class='ocrx_word' id='word_1_186' title='bbox 1264 3091 1347 3174; x_wconf 86' lang='lat' dir='ltr'><strong>sequi</strong></span> 
     </span>
     <span class='ocr_line' id='line_1_29' title="bbox 209 3195 460 3257; baseline 0.012 -3"><span class='ocrx_word' id='word_1_187' title='bbox 209 3195 255 3254; x_wconf 80' lang='lat' dir='ltr'><strong>vel</strong></span> <span class='ocrx_word' id='word_1_188' title='bbox 278 3195 460 3257; x_wconf 84' lang='lat' dir='ltr'><strong>Jahnicuam.</strong></span> 
     </span>
     <span class='ocr_line' id='line_1_30' title="bbox 296 3301 1216 3381; baseline 0.002 -23"><span class='ocrx_word' id='word_1_189' title='bbox 296 3301 366 3361; x_wconf 82' lang='lat' dir='ltr'><strong>Aen.</strong></span> <span class='ocrx_word' id='word_1_190' title='bbox 382 3304 411 3373; x_wconf 80' lang='lat'><strong>9,</strong></span> <span class='ocrx_word' id='word_1_191' title='bbox 425 3305 487 3363; x_wconf 83' lang='grc'><strong>795</strong></span> <span class='ocrx_word' id='word_1_192' title='bbox 503 3322 547 3381; x_wconf 88' lang='lat' dir='ltr'><strong>sq.</strong></span> <span class='ocrx_word' id='word_1_193' title='bbox 883 3319 936 3360; x_wconf 87' lang='lat' dir='ltr'><strong>nec</strong></span> <span class='ocrx_word' id='word_1_194' title='bbox 959 3301 1079 3361; x_wconf 85' lang='lat' dir='ltr'><strong>tendere</strong></span> <span class='ocrx_word' id='word_1_195' title='bbox 1102 3309 1216 3374; x_wconf 89' lang='lat' dir='ltr'><strong>contra,</strong></span> 
     </span>
     <span class='ocr_line' id='line_1_31' title="bbox 423 3404 1343 3487; baseline 0 -22"><span class='ocrx_word' id='word_1_196' title='bbox 423 3407 476 3467; x_wconf 82' lang='lat' dir='ltr'><strong>ilie</strong></span> <span class='ocrx_word' id='word_1_197' title='bbox 499 3406 611 3486; x_wconf 89' lang='lat' dir='ltr'><strong>quidem</strong></span> <span class='ocrx_word' id='word_1_198' title='bbox 633 3405 689 3466; x_wconf 90' lang='lat' dir='ltr'><strong>hoc</strong></span> <span class='ocrx_word' id='word_1_199' title='bbox 711 3404 847 3486; x_wconf 86' lang='lat' dir='ltr'><strong>cupiens,</strong></span> <span class='ocrx_word' id='word_1_200' title='bbox 870 3407 948 3486; x_wconf 89' lang='lat' dir='ltr'><strong>potis</strong></span> <span class='ocrx_word' id='word_1_201' title='bbox 973 3415 1020 3467; x_wconf 86' lang='lat' dir='ltr'><strong>est</strong></span> <span class='ocrx_word' id='word_1_202' title='bbox 1041 3426 1094 3487; x_wconf 91' lang='lat' dir='ltr'><strong>per</strong></span> <span class='ocrx_word' id='word_1_203' title='bbox 1114 3407 1176 3467; x_wconf 87' lang='lat' dir='ltr'><strong>teia</strong></span> <span class='ocrx_word' id='word_1_204' title='bbox 1196 3406 1343 3486; x_wconf 84' lang='lat' dir='ltr'><strong>virosque.</strong></span> 
     </span>
     <span class='ocr_line' id='line_1_32' title="bbox 293 3508 1343 3593; baseline -0.001 -23"><span class='ocrx_word' id='word_1_205' title='bbox 293 3508 483 3592; x_wconf 78' lang='lat' dir='ltr'><strong>Ladewigius</strong></span> <span class='ocrx_word' id='word_1_206' title='bbox 505 3513 611 3572; x_wconf 84' lang='lat' dir='ltr'><strong>Jnhoio</strong></span> <span class='ocrx_word' id='word_1_207' title='bbox 635 3512 837 3592; x_wconf 87' lang='lat' dir='ltr'><strong>obtemperans</strong></span> <span class='ocrx_word' id='word_1_208' title='bbox 859 3513 1043 3593; x_wconf 78' lang='lat' dir='ltr'><strong>interpungit</strong></span> <span class='ocrx_word' id='word_1_209' title='bbox 1064 3531 1117 3570; x_wconf 87' lang='lat' dir='ltr'><strong>nec</strong></span> <span class='ocrx_word' id='word_1_210' title='bbox 1139 3515 1252 3571; x_wconf 77' lang='lat' dir='ltr'><strong>tendere</strong></span> <span class='ocrx_word' id='word_1_211' title='bbox 1274 3531 1343 3571; x_wconf 89' lang='lat' dir='ltr'><strong>cou-</strong></span> 
     </span>
     <span class='ocr_line' id='line_1_33' title="bbox 206 3604 1341 3696; baseline 0.001 -22"><span class='ocrx_word' id='word_1_212' title='bbox 206 3626 252 3674; x_wconf 84' lang='lat' dir='ltr'><strong>tra</strong></span> <span class='ocrx_word' id='word_1_213' title='bbox 275 3617 326 3676; x_wconf 82' lang='lat' dir='ltr'><strong>Ito</strong></span> <span class='ocrx_word' id='word_1_214' title='bbox 347 3619 473 3692; x_wconf 82' lang='lat' dir='ltr'><strong>quidem,</strong></span> <span class='ocrx_word' id='word_1_215' title='bbox 495 3619 547 3676; x_wconf 79' lang='lat' dir='ltr'><strong>doc</strong></span> <span class='ocrx_word' id='word_1_216' title='bbox 568 3604 792 3692; x_wconf 38' lang='lat' dir='ltr'><strong>capitum&#39;potis</strong></span> <span class='ocrx_word' id='word_1_217' title='bbox 813 3627 869 3690; x_wconf 81' lang='lat' dir='ltr'><strong>eat,</strong></span> <span class='ocrx_word' id='word_1_218' title='bbox 896 3637 953 3696; x_wconf 91' lang='lat' dir='ltr'><strong>quo</strong></span> <span class='ocrx_word' id='word_1_219' title='bbox 976 3617 1044 3676; x_wconf 84' lang='lat' dir='ltr'><strong>mihi</strong></span> <span class='ocrx_word' id='word_1_220' title='bbox 1066 3618 1094 3677; x_wconf 84' lang='lat' dir='ltr'><strong>id</strong></span> <span class='ocrx_word' id='word_1_221' title='bbox 1117 3615 1197 3676; x_wconf 84' lang='lat' dir='ltr'><strong>effici</strong></span> <span class='ocrx_word' id='word_1_222' title='bbox 1218 3618 1341 3690; x_wconf 86' lang='lat' dir='ltr'><strong>videtur,</strong></span> 
     </span>
     <span class='ocr_line' id='line_1_34' title="bbox 208 3720 1343 3801; baseline 0.003 -23"><span class='ocrx_word' id='word_1_223' title='bbox 208 3728 242 3779; x_wconf 90' lang='lat' dir='ltr'><strong>ut</strong></span> <span class='ocrx_word' id='word_1_224' title='bbox 263 3720 357 3794; x_wconf 86' lang='lat' dir='ltr'><strong>verbis</strong></span> <span class='ocrx_word' id='word_1_225' title='bbox 380 3723 433 3779; x_wconf 80' lang='lat' dir='ltr'><strong>doc</strong></span> <span class='ocrx_word' id='word_1_226' title='bbox 454 3725 567 3796; x_wconf 80' lang='lat' dir='ltr'><strong>cupiens</strong></span> <span class='ocrx_word' id='word_1_227' title='bbox 589 3723 709 3781; x_wconf 87' lang='lat' dir='ltr'><strong>muitum</strong></span> <span class='ocrx_word' id='word_1_228' title='bbox 725 3722 761 3781; x_wconf 90' lang='lat' dir='ltr'><strong>do</strong></span> <span class='ocrx_word' id='word_1_229' title='bbox 775 3741 811 3781; x_wconf 89' lang='lat' dir='ltr'><strong>ea</strong></span> <span class='ocrx_word' id='word_1_230' title='bbox 827 3722 856 3783; x_wconf 86' lang='lat' dir='ltr'><strong>vi</strong></span> <span class='ocrx_word' id='word_1_231' title='bbox 874 3721 1054 3793; x_wconf 85' lang='lat' dir='ltr'><strong>detrahatur,</strong></span> <span class='ocrx_word' id='word_1_232' title='bbox 1078 3742 1163 3801; x_wconf 89' lang='lat' dir='ltr'><strong>quam</strong></span> <span class='ocrx_word' id='word_1_233' title='bbox 1177 3724 1343 3782; x_wconf 88' lang='lat' dir='ltr'><strong>nanciscun·</strong></span> 
     </span>
     <span class='ocr_line' id='line_1_35' title="bbox 207 3825 1341 3908; baseline 0.002 -24"><span class='ocrx_word' id='word_1_234' title='bbox 207 3832 257 3884; x_wconf 90' lang='lat' dir='ltr'><strong>tur</strong></span> <span class='ocrx_word' id='word_1_235' title='bbox 278 3846 315 3886; x_wconf 85' lang='lat' dir='ltr'><strong>ex</strong></span> <span class='ocrx_word' id='word_1_236' title='bbox 338 3845 389 3898; x_wconf 88' lang='lat' dir='ltr'><strong>ea,</strong></span> <span class='ocrx_word' id='word_1_237' title='bbox 419 3825 584 3905; x_wconf 86' lang='lat' dir='ltr'><strong>quaemihi</strong></span> <span class='ocrx_word' id='word_1_238' title='bbox 607 3828 730 3906; x_wconf 87' lang='lat' dir='ltr'><strong>probata</strong></span> <span class='ocrx_word' id='word_1_239' title='bbox 752 3836 813 3898; x_wconf 89' lang='lat' dir='ltr'><strong>est,</strong></span> <span class='ocrx_word' id='word_1_240' title='bbox 842 3827 973 3898; x_wconf 84' lang='lat' dir='ltr'><strong>ratione,</strong></span> <span class='ocrx_word' id='word_1_241' title='bbox 1004 3845 1089 3906; x_wconf 87' lang='lat' dir='ltr'><strong>quam</strong></span> <span class='ocrx_word' id='word_1_242' title='bbox 1110 3827 1145 3886; x_wconf 85' lang='lat' dir='ltr'><strong>ab</strong></span> <span class='ocrx_word' id='word_1_243' title='bbox 1168 3828 1232 3908; x_wconf 82' lang='lat' dir='ltr'><strong>ipso</strong></span> <span class='ocrx_word' id='word_1_244' title='bbox 1254 3827 1341 3907; x_wconf 89' lang='lat' dir='ltr'><strong>parti·</strong></span> 
     </span>
    </p>
   </div>
   <div class='ocr_carea' id='block_1_3' title="bbox 206 3931 1460 4012">
    <p class='ocr_par' dir='ltr' id='par_1_3' title="bbox 206 3931 1460 4012">
     <span class='ocr_line' id='line_1_36' title="bbox 206 3931 1460 4012; baseline 0.001 -23"><span class='ocrx_word' id='word_1_245' title='bbox 206 3931 293 4012; x_wconf 93' lang='lat' dir='ltr'><strong>cipio,</strong></span> <span class='ocrx_word' id='word_1_246' title='bbox 315 3931 361 3990; x_wconf 89' lang='lat' dir='ltr'><strong>cui</strong></span> <span class='ocrx_word' id='word_1_247' title='bbox 383 3951 472 4012; x_wconf 89' lang='lat' dir='ltr'><strong>saepe</strong></span> <span class='ocrx_word' id='word_1_248' title='bbox 495 3952 653 4012; x_wconf 78' lang='lat' dir='ltr'><strong>pronomen</strong></span> <span class='ocrx_word' id='word_1_249' title='bbox 675 3935 721 3990; x_wconf 76' lang='lat' dir='ltr'><strong>sue</strong></span> <span class='ocrx_word' id='word_1_250' title='bbox 742 3932 788 3994; x_wconf 81' lang='lat' dir='ltr'><strong>vol</strong></span> <span class='ocrx_word' id='word_1_251' title='bbox 810 3934 857 3990; x_wconf 83' lang='lat' dir='ltr'><strong>itia</strong></span> <span class='ocrx_word' id='word_1_252' title='bbox 876 3935 984 4007; x_wconf 85' lang='lat' dir='ltr'><strong>quidem</strong></span> <span class='ocrx_word' id='word_1_253' title='bbox 1006 3932 1170 3991; x_wconf 88' lang='lat' dir='ltr'><strong>adiunctum</strong></span> <span class='ocrx_word' id='word_1_254' title='bbox 1187 3933 1341 4012; x_wconf 88' lang='lat' dir='ltr'><strong>reperitur,</strong></span> <span class='ocrx_word' id='word_1_255' title='bbox 1459 3937 1460 3970; x_wconf 68' lang='lat'><em>³</em></span> 
     </span>
    </p>
   </div>
   <div class='ocr_carea' id='block_1_4' title="bbox 207 4035 1342 4330">
    <p class='ocr_par' dir='ltr' id='par_1_4' title="bbox 207 4035 1342 4330">
     <span class='ocr_line' id='line_1_37' title="bbox 207 4035 1342 4118; baseline 0.002 -25"><span class='ocrx_word' id='word_1_256' title='bbox 207 4035 400 4095; x_wconf 88' lang='lat' dir='ltr'><strong>commendari</strong></span> <span class='ocrx_word' id='word_1_257' title='bbox 431 4035 518 4095; x_wconf 87' lang='lat' dir='ltr'><strong>facile</strong></span> <span class='ocrx_word' id='word_1_258' title='bbox 549 4037 706 4108; x_wconf 90' lang='lat' dir='ltr'><strong>concedes,</strong></span> <span class='ocrx_word' id='word_1_259' title='bbox 744 4036 913 4096; x_wconf 81' lang='lat' dir='ltr'><strong>Anthoni.</strong></span> <span class='ocrx_word' id='word_1_260' title='bbox 964 4037 1040 4095; x_wconf 85' lang='lat' dir='ltr'><strong>idem</strong></span> <span class='ocrx_word' id='word_1_261' title='bbox 1069 4037 1257 4118; x_wconf 76' lang='lat' dir='ltr'><strong>Ladewigius</strong></span> <span class='ocrx_word' id='word_1_262' title='bbox 1279 4056 1342 4096; x_wconf 86' lang='lat' dir='ltr'><strong>cam</strong></span> 
     </span>
     <span class='ocr_line' id='line_1_38' title="bbox 207 4137 1340 4221; baseline 0.002 -22"><span class='ocrx_word' id='word_1_263' title='bbox 207 4150 360 4220; x_wconf 83' lang='lat' dir='ltr'><strong>comparat</strong></span> <span class='ocrx_word' id='word_1_264' title='bbox 381 4143 434 4200; x_wconf 80' lang='lat' dir='ltr'><strong>doc</strong></span> <span class='ocrx_word' id='word_1_265' title='bbox 456 4145 568 4217; x_wconf 83' lang='lat' dir='ltr'><strong>cupiam</strong></span> <span class='ocrx_word' id='word_1_266' title='bbox 589 4161 653 4201; x_wconf 89' lang='lat' dir='ltr'><strong>cum</strong></span> <span class='ocrx_word' id='word_1_267' title='bbox 675 4141 828 4201; x_wconf 87' lang='lat' dir='ltr'><strong>Homerico</strong></span> <span class='ocrx_word' id='word_1_268' title='bbox 851 4137 1009 4219; x_wconf 76' lang='grc' dir='ltr'><strong><em>ἒσσόμενός</em></strong></span> <span class='ocrx_word' id='word_1_269' title='bbox 1031 4160 1100 4221; x_wconf 81' lang='grc' dir='ltr'><strong><em>περ,</em></strong></span> <span class='ocrx_word' id='word_1_270' title='bbox 1136 4161 1194 4202; x_wconf 88' lang='lat' dir='ltr'><strong>nou</strong></span> <span class='ocrx_word' id='word_1_271' title='bbox 1216 4143 1289 4204; x_wconf 88' lang='lat' dir='ltr'><strong>vidit</strong></span> <span class='ocrx_word' id='word_1_272' title='bbox 1313 4141 1340 4202; x_wconf 92' lang='lat' dir='ltr'><strong>id</strong></span> 
     </span>
     <span class='ocr_line' id='line_1_39' title="bbox 210 4247 1342 4330; baseline 0.002 -26"><span class='ocrx_word' id='word_1_273' title='bbox 210 4266 267 4305; x_wconf 90' lang='lat' dir='ltr'><strong>nou</strong></span> <span class='ocrx_word' id='word_1_274' title='bbox 283 4247 370 4307; x_wconf 88' lang='lat' dir='ltr'><strong>aliter</strong></span> <span class='ocrx_word' id='word_1_275' title='bbox 384 4248 457 4307; x_wconf 89' lang='lat' dir='ltr'><strong>satis</strong></span> <span class='ocrx_word' id='word_1_276' title='bbox 473 4256 553 4308; x_wconf 88' lang='lat' dir='ltr'><strong>recte</strong></span> <span class='ocrx_word' id='word_1_277' title='bbox 570 4247 646 4320; x_wconf 90' lang='lat' dir='ltr'><strong>fieri,</strong></span> <span class='ocrx_word' id='word_1_278' title='bbox 669 4247 724 4308; x_wconf 79' lang='lat' dir='ltr'><strong>nisi</strong></span> <span class='ocrx_word' id='word_1_279' title='bbox 738 4248 790 4320; x_wconf 88' lang='lat' dir='ltr'><strong>ita,</strong></span> <span class='ocrx_word' id='word_1_280' title='bbox 813 4250 968 4322; x_wconf 78' lang='lat' dir='ltr'><strong>etquidem</strong></span> <span class='ocrx_word' id='word_1_281' title='bbox 982 4247 1136 4327; x_wconf 88' lang='lat' dir='ltr'><strong>participio</strong></span> <span class='ocrx_word' id='word_1_282' title='bbox 1151 4248 1342 4330; x_wconf 77' lang='lat' dir='ltr'><strong>adiungatur3</strong></span> 
     </span>
    </p>
   </div>
   <div class='ocr_carea' id='block_1_5' title="bbox 208 4347 1460 4431">
    <p class='ocr_par' dir='ltr' id='par_1_5' title="bbox 208 4347 1460 4431">
     <span class='ocr_line' id='line_1_40' title="bbox 208 4347 1460 4431; baseline 0 -21"><span class='ocrx_word' id='word_1_283' title='bbox 208 4368 300 4430; x_wconf 86' lang='lat' dir='ltr'><strong>quare</strong></span> <span class='ocrx_word' id='word_1_284' title='bbox 323 4353 349 4412; x_wconf 87' lang='lat' dir='ltr'><strong>si</strong></span> <span class='ocrx_word' id='word_1_285' title='bbox 371 4354 526 4414; x_wconf 83' lang='lat' dir='ltr'><strong>Homerum</strong></span> <span class='ocrx_word' id='word_1_286' title='bbox 548 4355 681 4414; x_wconf 86' lang='lat' dir='ltr'><strong>imitatus</strong></span> <span class='ocrx_word' id='word_1_287' title='bbox 704 4351 799 4413; x_wconf 89' lang='lat' dir='ltr'><strong>esth.</strong></span> <span class='ocrx_word' id='word_1_288' title='bbox 822 4351 843 4410; x_wconf 92' lang='grc' dir='ltr'><strong>Ι.</strong></span> <span class='ocrx_word' id='word_1_289' title='bbox 866 4350 1028 4431; x_wconf 79' lang='lat' dir='ltr'><strong>Vergilius,</strong></span> <span class='ocrx_word' id='word_1_290' title='bbox 1062 4371 1183 4412; x_wconf 86' lang='lat' dir='ltr'><strong>neccsse</strong></span> <span class='ocrx_word' id='word_1_291' title='bbox 1209 4363 1255 4415; x_wconf 88' lang='lat' dir='ltr'><strong>est</strong></span> <span class='ocrx_word' id='word_1_292' title='bbox 1277 4372 1343 4414; x_wconf 89' lang='lat' dir='ltr'><strong>con·</strong></span> <span class='ocrx_word' id='word_1_293' title='bbox 1459 4347 1460 4426; x_wconf 78' lang='lat'><em>]</em></span> 
     </span>
    </p>
   </div>
   <div class='ocr_carea' id='block_1_6' title="bbox 0 0 1474 4886">
    <p class='ocr_par' dir='ltr' id='par_1_6' title="bbox 0 0 1474 4886">
     <span class='ocr_line' id='line_1_41' title="bbox 0 0 1474 4886; baseline 0 0"><span class='ocrx_word' id='word_1_294' title='bbox 0 0 1474 4886; x_wconf 95' lang='lat' dir='ltr'><strong> </strong></span> 
     </span>
    </p>
   </div>
  </div>
 </body>
</html>
