2960 4898
261 249 305 312 60
681 247 802 332 Pbilippi
820 247 956 312 Wagnrri

260 403 302 462 rit
322 403 374 460 dur
396 401 530 461 blithrude
550 403 624 460 taor
641 403 702 460 und
723 402 770 458 die
796 405 911 477 rorigeri
932 399 1069 475 uaupcul
1113 397 1234 462 Quanto
1268 407 1394 477 preoste-

259 508 310 567 bst
330 508 454 587 iungere
476 503 569 565 llutos
592 506 687 564 crines
716 513 747 565 et
778 525 884 566 roseos
908 506 1018 586 genos!
1063 503 1114 562 'l'u
1147 521 1229 574 vero,
1265 505 1395 564 cundi·

260 611 413 671 dissime
426 610 523 670 Anto
535 610 618 681 oni,
641 611 666 668 si
684 610 753 686 quid
763 609 872 670 novisti
882 609 991 668 rectius
1005 607 1082 678 istis,
1105 606 1252 666 (laudidus
1265 607 1393 686 imperti:
1463 647 1464 702 p

260 716 286 775 si
308 736 377 788 non,
398 715 443 774 bis
466 722 550 774 utere
573 716 698 774 mecum!

345 821 419 880 Aen.
444 821 494 891 12,
517 819 591 880 648.

478 926 584 984 Sancto
604 927 644 984 od
664 943 713 983 ror
734 929 831 983 ocimo
853 934 935 998 utque
956 924 1035 980 istim
1056 919 1149 978 inscie
1170 920 1269 992 culpor

479 1029 663 1088 uocatam.

258 1131 355 1186 nescio
377 1127 566 1214 Lodewigins
588 1140 619 1192 et
641 1131 797 1212 llenptius,
818 1128 896 1208 quod
918 1147 935 1186 e
955 1111 1075 1207 Menog.
1097 1146 1141 1206 pr.
1159 1132 1190 1184 et
1211 1124 1281 1184 edit.
1305 1125 1394 1203 princ.

259 1229 465 1292 sllurmunno
495 1243 657 1296 enotntum.
701 1234 840 1295 Heinsius
871 1230 958 1291 etio·
989 1229 1065 1309 opud
1085 1227 1215 1288 Macrob.
1239 1229 1270 1298 3,
1293 1228 1325 1298 3,
1347 1226 1392 1286 ubi

259 1333 305 1392 bic
326 1353 430 1396 versus
452 1335 585 1410 effertur,
607 1341 703 1396 nescio
733 1337 795 1418 legi
822 1333 967 1407 offirmut;
998 1339 1079 1393 certe
1112 1332 1141 1390 in
1163 1331 1315 1392 Zeuniunu
1338 1330 1394 1390 edi·

259 1437 349 1510 tione,
372 1459 457 1519 quoe,
480 1442 545 1502 dum
569 1445 641 1504 boec
662 1442 769 1514 scribo,
791 1441 858 1500 solu
880 1440 916 1500 ud
930 1458 1042 1499 monum
1064 1443 1128 1507 est,
1150 1441 1241 1495 turcio
1263 1435 1394 1514 reperio,

258 1543 311 1602 sed
333 1546 448 1606 etiumsi
471 1551 567 1606 nescio
589 1547 740 1626 scripserit
754 1544 930 1615 Macrobius,
953 1563 1044 1623 prope
1067 1541 1174 1601 nullius
1197 1541 1225 1598 id
1248 1540 1305 1599 erit
1326 1559 1394 1619 pou·
1464 1589 1465 1622 p

258 1646 351 1718 deris,
373 1649 508 1726 quonium
532 1643 568 1709 illi
591 1671 649 1710 non
672 1650 708 1708 de
730 1651 786 1709 boc
808 1649 873 1728 ipso
896 1647 1057 1718 udiectiuo,
1086 1646 1137 1706 sed
1160 1645 1196 1704 de
1218 1645 1311 1724 primo
1334 1663 1394 1704 ver·
1464 1703 1465 1718 ,

258 1769 309 1808 sus
331 1751 475 1811 vocubulo
497 1757 603 1812 Sancto
625 1755 735 1835 egitur.
779 1752 879 1812 Facile
901 1758 1042 1832 uppuret,
1075 1750 1124 1830 qui
1152 1753 1248 1806 nendo
1268 1748 1394 1827 scripse·

256 1861 345 1924 runt,
368 1861 460 1914 metro
483 1875 655 1917 succurrere
677 1858 818 1919 voluisse.
862 1857 1064 1916 Lucbmuuuus
1087 1853 1124 1912 ed
1145 1853 1264 1912 Lucret.
1288 1856 1319 1924 2,
1343 1855 1392 1922 27,
1462 1889 1463 1893 =

256 1955 304 2015 ubi
326 1956 362 2016 de
385 1958 441 2018 boc
454 1959 584 2040 binisque
602 1961 742 2020 similibus
757 1960 898 2040 exemplis
917 1960 992 2040 ugit,
1017 1957 1107 2030 „ulio‚
1130 1957 1181 2028 uit,
1204 1945 1280 2035 qudo
1302 1977 1393 2016 eruen-

258 2061 405 2121 dutionem
428 2063 580 2136 suadeant,
603 2073 778 2146 argumento
791 2072 911 2144 praeter
927 2063 1012 2122 metri
1027 2061 1212 2122 insolentium
1235 2061 1318 2120 nullu
1340 2061 1392 2122 dici

258 2168 414 2244 possunt.’'
458 2168 517 2228 Sed
551 2188 635 2247 quern
668 2169 898 2242 emendationem
928 2167 991 2246 ipse
1017 2166 1157 2246 proponit
1178 2166 1229 2224 Vir
1250 2144 1391 2247 egregius
1462 2183 1463 2216 ι

258 2272 391 2341 „Sancto
404 2273 440 2331 ud
453 2293 507 2333 vos
526 2274 621 2332 enimn
637 2281 725 2353 utque
748 2273 868 2332 unimu
889 2271 975 2330 istius
988 2272 1080 2330 inscio
1102 2271 1236 2351 culpue,'’
1259 2270 1395 2352 solonge
1463 2295 1464 2354 l

258 2375 397 2436 ebborret
418 2397 437 2435 u
460 2377 630 2457 Vergiliano
651 2377 811 2458 elegantis.
855 2377 927 2436 lllibi
957 2376 1070 2456 quidem
1093 2397 1150 2436 non
1174 2375 1289 2436 videtur
1311 2376 1393 2437 vitio·
1461 2354 1464 2366 Ι

257 2498 308 2538 sus
331 2499 398 2540 esse
419 2481 465 2540 bic
492 2501 604 2553 versus,
627 2491 708 2542 certe
729 2503 788 2542 non
811 2490 977 2562 propterea,
1001 2481 1078 2560 quod
1102 2480 1212 2540 nullum
1234 2480 1261 2538 ei
1274 2479 1395 2538 similem
1461 2480 1466 2567 l

257 2583 435 2657 invenimus3
459 2585 533 2644 sutis
556 2585 608 2646 illu
629 2587 714 2646 metri
736 2587 894 2646 insolentis
915 2584 1082 2646 defenditur
1103 2584 1213 2645 ellectu
1236 2584 1394 2664 loquentis,
1465 2621 1466 2634 ι

226 2687 230 2694 ’
256 2706 315 2765 quo
334 2687 403 2746 nibil
427 2697 528 2769 potest
550 2709 616 2750 esse
632 2691 774 2771 grunius„
787 2691 857 2751 nibil
886 2688 1133 2772 παθητικώτερον.
1177 2690 1219 2748 Ac
1249 2689 1395 2747 rivorum

258 2777 325 2864 cst,¹
338 2794 366 2853 id
390 2794 467 2874 quod
489 2794 524 2854 cb
547 2796 677 2856 omnibus
699 2797 886 2868 conceditur,
919 2789 1007 2854 etium
1029 2796 1057 2854 in
1080 2795 1178 2875 porris
1200 2793 1286 2854 rebus
1320 2792 1395 2871 opud

257 2897 419 2978 Vergilium
433 2899 608 2978 deprebendi
630 2900 818 2964 imitutioueru
829 2900 967 2972 llomeri,
997 2900 1156 2979 poterimus
1180 2899 1236 2958 boc
1258 2896 1395 2957 conferre

257 3019 322 3060 cum
343 3002 396 3062 illo
419 3003 575 3064 llonerico
598 3006 666 3088 φίλε
686 3003 786 3088 inops:
815 3005 929 3064 frustra
962 3004 1037 3064 enim
1060 3021 1192 3082 oppones
1213 2998 1316 3082 ἕκυρός
1346 3002 1392 3060 bo·

257 3106 356 3166 buisse
379 3107 542 3188 digummu3
565 3110 677 3169 numid
700 3131 758 3170 non
772 3109 923 3182 curabunt,
946 3109 996 3189 qui
1018 3108 1095 3188 opud
1113 3108 1263 3166 Ronunos
1286 3105 1390 3164 llome·

257 3229 319 3269 rum
340 3210 523 3272 lectitabunt.
573 3213 707 3274 Ceterum
732 3222 801 3274 sunt
824 3216 895 3274 boec
916 3214 959 3273 itu
982 3210 1208 3293 pronuntiando,
1230 3217 1264 3268 ut
1285 3209 1392 3288 uliquid

256 3334 366 3394 puusue
389 3316 552 3378 iutercedut
574 3318 651 3378 inter
671 3324 767 3378 auimo
789 3325 821 3378 et
842 3327 933 3394 uuus.
978 3318 1065 3383 cuod
1080 3322 1177 3376 nutem
1191 3314 1393 3374 Locbmunnus

255 3418 417 3499 Vergilium
439 3423 470 3491 3,
491 3423 554 3482 lue

437 3525 520 3582 Dono
542 3528 643 3586 utine
664 3545 736 3584 auro
757 3529 859 3602 prurio
883 3546 902 3585 u
921 3535 1048 3600 sectoque
1068 3526 1213 3598 elrpbosto

255 3625 409 3706 scripsisse
431 3627 577 3706 opinatur,
601 3629 676 3688 houd
697 3630 759 3689 scio
783 3650 820 3690 en
840 3631 896 3690 boc
913 3647 1028 3709 quoque
1050 3628 1176 3687 alienum
1198 3626 1238 3687 sit
1259 3647 1277 3686 s
1298 3626 1393 3686 nitore

256 3730 390 3812 Vergilii.
435 3733 623 3792 lurcuiuntur
638 3734 712 3812 opud
725 3737 800 3794 bunc
822 3753 902 3810 oque,
925 3753 1001 3810 epus,
1022 3735 1115 3806 tuque,
1132 3749 1239 3806 perque
1262 3730 1304 3790 sic
1326 3749 1392 3790 cou-

254 3837 366 3908 iuncts,
390 3855 447 3896 non
472 3837 614 3917 doe-pt·
637 3839 811 3919 interposito
823 3840 921 3920 aliquo
937 3838 1067 3909 nomine3
1096 3855 1115 3894 u
1136 3847 1263 3911 sectoque
1284 3835 1393 3916 pingue

256 3944 391 4022 quiddam
413 3945 519 4004 babere
541 3945 667 4018 videtur,
690 3946 826 4026 qnodque
846 3947 896 4007 rix
918 3945 993 4006 sotis
1015 3952 1118 4006 tueare
1141 3950 1313 4023 conparato
1337 3943 1388 4002 illo

255 4048 311 4106 Sub
329 4050 516 4124 pedibusque,
547 4051 623 4130 quod
651 4058 697 4110 est
720 4052 782 4111 llcl.
805 4054 844 4123 5,
866 4052 919 4122 57,
953 4050 999 4110 cui
1030 4050 1183 4110 excusatio
1215 4055 1319 4128 pereto
1348 4055 1394 4107 est

257 4172 322 4214 cum
345 4175 381 4215 ex
406 4156 604 4216 concitatione
628 4176 827 4230 numerorum,
857 4165 918 4218 tum
947 4177 984 4218 ex
1003 4178 1057 4230 eo,
1084 4157 1177 4236 quod,
1207 4155 1263 4216 uisi
1292 4153 1393 4226 fullon,

256 4260 367 4336 subque,
389 4262 431 4320 sic
454 4261 640 4334 coniunctim,
663 4283 722 4322 non
743 4263 881 4323 dixerunt
903 4261 1011 4322 hutini.
1055 4259 1186 4330 Accedit,
1209 4260 1285 4339 quod
1309 4258 1394 4320 breue

256 4383 275 4420 o
296 4364 383 4424 etium
406 4385 424 4426 u
442 4367 599 4440 Terentio,
623 4387 706 4447 quem
729 4367 845 4429 luudrri
864 4367 892 4426 in
911 4366 1023 4426 minore
1044 4364 1183 4436 editione,
1205 4370 1274 4424 eote
1294 4381 1309 4421 s
1331 4383 1395 4444 pro·
