2960 4898
189 218 232 283 12
625 219 746 289 Philippi
764 221 901 290 Wagneri

181 377 210 412 ·’
274 374 345 433 Aen.
369 377 407 446 2,
430 377 504 436 tun.
556 376 626 435 aab
657 381 850 453 oppositaeque
882 376 1075 460 Ladewigius
1103 397 1141 440 ex
1176 385 1334 458 praecepto

186 478 379 551 Laebmanni,
402 479 472 540 item
496 481 650 561 Hauptius.
696 482 798 554 Nosti,
819 467 993 543 'Antboni
1015 483 1251 554 doctissime,
1284 503 1333 542 no·

186 582 270 654 bilem
292 584 518 663 disputationem
543 585 594 666 (ad
616 588 735 662 Lucret.
763 589 792 658 3,
819 586 917 667 1042)
941 609 998 670 qua
1020 587 1108 648 docet
1130 589 1333 648 Lachmannus

185 686 346 767 perfectu·
370 692 405 749 iit
425 707 488 748 cum
513 691 575 750 suis
599 691 780 770 compositis,
805 693 872 752 item
887 697 985 768 petiit,
1008 701 1168 754 extremam
1191 693 1333 770 syllabam

185 799 290 852 natura
314 793 433 876 longam
457 795 563 855 babere
586 815 639 855 neo
662 816 724 875 eam
748 816 766 854 a
789 816 934 878 quoquam
950 805 1050 860 vetere
1065 805 1156 878 poeta
1167 806 1333 878 correptam

184 917 261 959 asae.
313 899 351 956 ut
379 917 479 960 remum
509 907 556 958 est
579 900 607 959 in
630 899 731 959 tabule
753 903 854 963 votiva
883 903 1012 963 Mummii
1041 911 1162 962 exstare
1193 906 1335 961 redieit

183 1003 357 1078 triumpbons
378 1011 410 1063 et
432 1004 585 1084 quinquies
606 1008 751 1070 proicit
778 1007 807 1065 in
830 1006 899 1088 lege
921 1009 1052 1080 Thoria,
1085 1026 1138 1067 nec
1167 1007 1237 1067 licet
1260 1008 1333 1066 baec

184 1127 237 1186 pro
269 1109 472 1187 praesentibus
507 1109 610 1189 accipi.
664 1109 724 1170 Sed
753 1111 827 1172 valis
851 1113 994 1172 rationem
1025 1113 1088 1172 eins
1113 1111 1156 1171 rei
1179 1131 1197 1172 a
1218 1131 1330 1172 summo

166 1211 246 1272 -uiro
269 1212 456 1292 explicatam.
493 1213 571 1274 Nota
594 1219 641 1274 est
662 1214 815 1277 verborum
839 1215 914 1278 ἰέναι
937 1225 967 1277 et
989 1222 1034 1277 ire
1048 1217 1202 1299 cognatio.
1233 1217 1331 1277 Radix

182 1317 262 1378 verbi
284 1316 359 1380 lenm
380 1325 503 1398 putetur
523 1337 590 1378 esse
611 1318 669 1391 ΙΩ,
695 1321 746 1380 sed
769 1329 926 1399 praeterea
948 1323 1072 1385 alteram
1086 1321 1213 1383 radicem
1235 1319 1330 1382 luisse

179 1422 256 1486 Just
279 1424 353 1484 satis
376 1431 407 1484 et
429 1425 458 1484 id
481 1425 573 1504 ipsum
596 1423 671 1486 itum
694 1425 799 1505 probat
822 1435 853 1487 et
875 1447 1016 1506 praesens
1045 1428 1131 1488 medii
1152 1427 1246 1506 lepos.
1276 1427 1330 1486 lla·
1353 1505 1355 1512 y

181 1528 245 1590 dem
267 1529 352 1588 radix
374 1527 480 1591 siluit
502 1528 669 1602 verbiire,
698 1529 862 1610 perfectum
892 1531 959 1592 inde
988 1530 1025 1591 lit
1046 1529 1121 1603 ieri,
1154 1531 1232 1611 quod
1254 1530 1330 1611 apud

181 1633 318 1712 antiquos
341 1633 370 1696 in
392 1651 448 1692 usu
470 1631 565 1693 fuisse
587 1633 711 1706 indicat,
743 1635 820 1714 quod
849 1635 877 1694 in
901 1633 1168 1696 senatusconsulto
1199 1635 1235 1694 de
1257 1635 1328 1694 Rac-

180 1736 349 1804 cbanalibus
373 1736 502 1819 legitur,
530 1741 643 1810 adisse,
673 1740 796 1810 adbeel,
826 1742 972 1811 adiacent,
1003 1739 1023 1799 i.
1047 1759 1073 1799 a.
1097 1738 1259 1810 adievisse,
1280 1738 1328 1797 ad·

181 1840 314 1914 levisset,
348 1841 543 1916 adiecissent3
576 1841 694 1901 fallitur
724 1843 798 1902 enim
823 1843 934 1903 Conr.
962 1845 997 1904 L.
1021 1843 1256 1914 Schneider,
1280 1841 1330 1922 qui

180 1945 340 2006 Grammat.
364 1947 432 2007 Lat.
454 1967 525 2030 pag.
549 1949 589 2007 97
625 1947 774 2010 vocalibus
803 1953 832 2008 ie
858 1948 979 2030 longam
1006 1953 1017 2006 i
1040 1946 1203 2029 significari
1226 1953 1328 2026 putat3

179 2051 262 2110 cuius
285 2053 327 2111 rei
351 2071 405 2112 nec
427 2053 504 2111 ratio
528 2059 575 2112 est
599 2052 675 2132 apud
699 2060 826 2125 veteres,
850 2072 904 2113 nec
926 2061 1082 2133 praeterea
1099 2052 1262 2133 exemplum
1277 2071 1326 2111 ex·

178 2165 260 2217 stare
283 2157 420 2216 arbitror.
466 2159 568 2237 ltaque
591 2158 681 2220 tertia
703 2178 832 2238 persona
853 2156 978 2239 perfecti
1003 2157 1060 2218 fuit
1082 2162 1206 2230 adiecit,
1235 2161 1326 2216 redie-

179 2267 231 2332 m't,
254 2265 381 2336 venierit,
404 2262 480 2320 uude
503 2262 614 2322 extrita
637 2280 652 2319 o
675 2262 763 2322 litera
784 2261 897 2323 factum
918 2265 1030 2338 reddetr,
1053 2267 1165 2322 oenteit.
1210 2263 1326 2321 Temen

177 2387 213 2428 ea
235 2388 284 2428 res
312 2388 367 2427 non
392 2367 508 2428 videtur
530 2387 568 2426 ex
592 2368 669 2428 omni
690 2375 777 2448 parte
800 2368 1022 2439 demonstrare,
1045 2368 1122 2448 quod
1145 2368 1325 2427 demonstra·

178 2480 238 2532 tum
261 2473 284 2532 it
306 2472 526 2546 Lachmannus3
554 2491 620 2531 nam
643 2471 797 2552 antiquata
827 2473 925 2553 prisca
946 2471 998 2531 ille
1020 2470 1116 2532 forma
1138 2476 1193 2532 ieci
1214 2471 1326 2532 factum

177 2584 224 2638 cst
245 2581 284 2634 iot
306 2597 330 2635 s.
353 2580 393 2648 st,-
415 2584 448 2636 ut
471 2585 568 2636 autem
591 2594 630 2634 ex
650 2579 747 2634 codici
770 2575 877 2657 (ondit)
901 2575 1067 2656 profectum
1085 2585 1132 2636 est
1146 2567 1242 2636 audiit
1261 2597 1324 2636 cor·

176 2688 261 2761 repta
283 2681 386 2741 ultima
409 2681 458 2762 (A.
482 2685 512 2754 7,
535 2683 599 2744 516
622 2681 745 2756 „Audiit
767 2689 798 2742 et
820 2682 945 2746 Triviae
967 2683 1059 2762 longe
1081 2682 1179 2754 lacus,
1203 2682 1324 2742 audiit

175 2785 268 2846 amnis
291 2787 322 2845 S.
338 2785 374 2846 N.
393 2804 421 2845 a.
437 2786 501 2867 a.”)
526 2787 569 2848 ita
592 2787 673 2848 nulla
696 2807 786 2847 causa
809 2794 866 2859 est,
889 2806 980 2867 quare
1002 2791 1037 2846 iit
1058 2786 1252 2867 produxerint
1265 2785 1323 2845 uo-

175 2890 262 2949 meni.
306 2891 345 2950 llt
367 2891 486 2951 tertiam
507 2896 673 2973 praesentis
697 2911 855 2972 personam
884 2910 948 2951 cum
981 2895 1032 2950 icit
1058 2892 1200 2972 principio
1229 2890 1324 2951 fuisse

176 3002 406 3056 consentaneum
427 2998 476 3068 sit,
500 3005 620 3058 constat
637 3005 705 3077 post
727 2996 862 3056 similiter
884 2995 980 3055 abisse
1004 2995 1032 3055 in
1047 2995 1163 3058 brevem
1180 2996 1323 3074 syllabam

171 3091 209 3159 it.
255 3099 332 3159 ldem
354 3097 467 3160 factum
489 3102 518 3161 in
541 3103 595 3174 ibi,
617 3101 675 3172 ubi,
697 3103 762 3170 nisi,
785 3101 856 3172 eibi,
880 3119 955 3179 quae
977 3100 1006 3158 in
1029 3100 1239 3180 antiquissimis
1261 3122 1321 3161 mo·

175 3205 319 3274 numentis
343 3203 510 3264 scribuntur·
531 3207 595 3281 ibet,
617 3210 692 3279 obet,
706 3209 786 3282 nicei,
801 3208 880 3280 cibet,
896 3215 965 3288 post
982 3207 1074 3287 vulgo
1091 3206 1199 3284 corripi
1214 3211 1321 3286 coepta

174 3316 252 3369 sunt.
297 3307 357 3368 Sed
380 3316 472 3390 negat
494 3311 698 3372 Lachmannus
720 3312 811 3378 ullum
835 3321 952 3391 poetam
975 3313 1059 3383 banc,
1083 3310 1119 3370 de
1137 3312 1320 3392 quaagitur,

174 3413 315 3491 syllabam
339 3415 535 3494 corripuisse,
559 3424 611 3476 out
631 3415 722 3476 sicubi
744 3423 883 3496 correpte
904 3417 1083 3487 inveniatur,
1113 3413 1231 3477 facilem
1253 3439 1320 3480 esse

174 3518 415 3578 emendationem.
448 3519 526 3586 auio
549 3530 657 3594 autem,
681 3523 706 3582 si
730 3529 834 3581 contra
856 3520 1027 3602 negabimus
1048 3520 1139 3581 ullum
1155 3524 1320 3605 exemplum

174 3643 212 3683 ex
233 3623 295 3682 ullo
319 3630 408 3702 poeta
431 3623 466 3684 ab
489 3643 525 3684 eo
548 3625 671 3687 allatum
693 3646 770 3697 esse,
794 3644 852 3705 quo
875 3625 1028 3687 evincatur
1050 3625 1249 3689 eandemesse
1263 3649 1318 3690 aaa

173 3727 365 3808 vilongeml
408 3729 448 3788 llt
470 3728 519 3810 qui
541 3730 570 3789 id
593 3730 686 3790 evinci
709 3750 797 3811 posse
827 3728 998 3801 existimes,
1026 3729 1208 3804 Anthoni,
1240 3736 1318 3813 quod

174 3839 256 3894 certe
278 3833 307 3892 in
331 3831 426 3893 verbis
441 3833 527 3892 trium
540 3834 669 3896 brevium
685 3834 864 3912 syllabarum
874 3835 967 3895 evinci
983 3855 1041 3896 oon
1056 3837 1173 3914 potasti
1196 3836 1317 3918 (omitto

173 3938 249 3998 enim
271 3957 347 3996 nunc
376 3937 493 3998 verbum
522 3939 646 4018 simplex
676 3943 727 4014 iit,
757 3940 839 4000 cuius
868 3958 939 3999 usus
968 3947 1015 4000 est
1043 3941 1117 4000 satis
1146 3940 1317 4023 infrequens

172 4043 250 4124 apud
273 4039 460 4128 scriptores.)
504 4045 1034 4125 ntpotest,inquit1.aebneonue;
1058 4065 1123 4106 nam
1146 4047 1319 4126 producitur

173 4166 210 4206 ea
231 4147 346 4225 syllaba
366 4148 454 4208 etiam
477 4149 505 4209 in
529 4149 670 4210 eiusmodi
694 4150 764 4221 arsi,
786 4169 845 4230 qua
867 4148 962 4209 brevis
985 4148 1100 4226 syllaba
1114 4151 1234 4229 produci
1257 4173 1315 4215 non

172 4251 260 4314 solet.
305 4253 376 4338 Egit
398 4255 434 4316 de
456 4274 492 4316 ea
513 4273 547 4318 re
568 4255 772 4316 bacbmanoua
793 4256 822 4316 in
844 4254 1004 4334 scriptione
1026 4254 1208 4329 academica,
1230 4277 1317 4338 quam
