2940 4894
226 261 268 324 86
661 260 782 328 Pbillppi
801 261 936 329 Wagneri

229 415 448 494 obtemperans3
479 425 545 487 tam,
569 415 646 496 quod
670 434 728 496 ego
752 414 844 488 edidi,
875 415 997 476 retinuit
1019 415 1178 496 llauptius3
1212 417 1269 478 vid.
1297 437 1375 500 quae

230 517 398 599 scripsimus
422 519 459 579 ad
480 521 598 591 1,108.

236 637 244 656 ⁴
315 625 388 684 Aen.
413 627 463 696 10,
485 627 549 686 581
569 643 645 705 ιφ·
674 642 698 657 ··
829 627 885 684 Sed
906 643 964 683 non
985 634 1013 684 at
1037 627 1135 683 111ιί1
1155 627 1265 685 beros'

428 733 512 788 Dictis
531 741 620 805 porat
640 730 785 802 *eontre3
816 729 940 789 iaculum
965 749 1031 790 nam
1053 737 1173 810 torquet
1195 731 1224 790 iu
1248 732 1377 792 bostem.

229 835 359 915 Apposui
372 835 532 896 asteriscos
544 835 645 897 uerbis·
662 834 870 915 languentibus
892 841 923 893 et
945 836 1170 914 supervacaneis
1192 847 1296 895 eoam
1319 878 1328 896 .
1345 879 1354 896 .
1371 880 1379 896 .

229 941 350 1011 boeoem3
381 941 575 1034 detraxerunt
604 959 657 1013 eos
686 938 878 1019 hedewigis·
908 946 939 998 et
968 939 1122 1018 Hauptius.
1174 939 1245 1000 Mihi
1274 942 1377 1002 etiarn·

230 1063 305 1104 auno
326 1043 443 1104 videtur
465 1044 610 1124 partioula
633 1061 700 1102 aon
722 1043 945 1122 interpolatoris
969 1063 1082 1102 manum
1104 1045 1241 1124 prodere.

314 1147 387 1208 Aen.
413 1151 462 1221 10,
484 1151 656 1208 711-18,
709 1147 797 1212 Quod
819 1146 976 1226 aliquoties
999 1142 1067 1206 feei'
1087 1149 1117 1208 in
1140 1167 1204 1208 mea
1231 1148 1378 1223 editione,

227 1261 276 1324 ut,
305 1254 429 1333 quaein
451 1253 604 1332 lieyniena
630 1253 803 1312 recensione
832 1252 989 1312 carminum
1012 1253 1250 1335 Vergilianorum
1280 1253 1376 1317 faoile
1464 1225 1465 1278 ἶ

228 1359 302 1420 ferri
322 1360 477 1440 probarive
498 1367 632 1441 possent,
655 1359 767 1418 intaeta
788 1357 997 1437 relinquerem,
1019 1357 1079 1418 feei
1101 1359 1189 1419 etiam
1213 1361 1269 1420 boo
1292 1360 1374 1422 loeo.

229 1465 348 1524 Retinui
370 1466 424 1526 bos
445 1484 550 1527 versus
572 1485 608 1524 eo
632 1465 735 1524 ordine
757 1463 933 1534 collocatos,
957 1483 1014 1544 quo
1037 1463 1202 1523 collocandi
1225 1465 1377 1528 visisunt
1455 1480 1460 1507 ²

228 1589 292 1629 eum
315 1570 381 1631 aliis
404 1570 580 1630 doctissimis
603 1569 691 1640 viris,
714 1576 775 1626 tum
797 1569 922 1645 blaynio.
968 1569 1028 1628 Nee
1051 1569 1251 1630 discesserunt
1274 1571 1311 1630 ab
1335 1591 1374 1632 ea

228 1676 345 1736 ratione
372 1675 495 1735 tanniu·
527 1683 615 1755 atque
638 1674 793 1754 Hauptius.
846 1673 1036 1755 hedewigis·
1067 1675 1199 1734 restituit
1229 1675 1373 1750 ordinem,

229 1782 343 1864 qualem
366 1780 503 1840 exhibent
526 1780 590 1840 libri
613 1801 696 1853 mss.;
721 1779 772 1838 sed
796 1778 838 1838 ita
861 1786 958 1840 menet
981 1777 1152 1852 difficultas,
1175 1799 1250 1860 quae
1273 1789 1321 1841 est
1345 1783 1373 1842 in
1465 1776 1466 1830 i

229 1884 324 1948 verbis
346 1897 425 1962 torpe
448 1887 552 1944 decutit
571 1887 674 1945 basias.
718 1884 784 1943 Non
815 1892 916 1944 essent
943 1884 1062 1944 silentio
1094 1885 1373 1964 praetermittendae
1465 1863 1466 1914 3

229 1991 407 2052 imitationes
429 1991 540 2050 Lucani
564 1992 594 2062 6,
619 1991 782 2050 208-10
804 1996 835 2049 et
857 1990 948 2050 Statii
971 1989 1067 2049 Tbeb.
1091 1993 1126 2062 2,
1150 1993 1231 2064 588,
1265 1992 1291 2051 si
1315 2013 1371 2052 uon
1465 1986 1466 2038 ἶ

228 2096 271 2155 ita
293 2103 394 2158 essent
415 2103 613 2176 comparatae,
637 2095 707 2154 nibil
729 2100 764 2154 ut
786 2095 901 2175 prosint
923 2094 960 2154 ed
975 2096 1049 2155 bano
1068 2095 1148 2154 litem
1173 2097 1370 2159 dirimendam.

314 2203 387 2261 Aen.
414 2203 462 2272 10,
487 2203 560 2261 821.
605 2203 642 2258 Et
661 2211 778 2258 meatem
797 2204 912 2274 patriae
933 2199 1021 2259 subiit
1040 2204 1153 2275 piatatis
1174 2205 1280 2279 imspo.

229 2309 346 2366 stituit
361 2305 552 2386 Lodewtgius
575 2312 605 2364 et
621 2304 783 2384 Hauptius3
806 2323 865 2383 ego
888 2305 973 2362 sobiit
992 2311 1095 2377 teneo;
1118 2309 1249 2378 atrium,
1279 2309 1372 2368 utalia

229 2412 295 2472 aliis
317 2412 408 2483 lonis,
441 2411 562 2470 debetur
585 2410 711 2470 librariis
733 2427 849 2470 versum
872 2409 902 2480 0,
927 2409 990 2468 201
1012 2410 1151 2470 memoria
1173 2412 1351 2486 tenentibus.

314 2516 387 2576 Aen.
413 2518 462 2587 10,
485 2518 559 2576 881.
602 2516 722 2574 Desine:
743 2515 800 2574 iam
823 2517 905 2572 nenio
927 2517 1089 2573 ιιιονίιιιιιι.

227 2641 295 2683 nnn
324 2641 362 2681 ex
395 2621 558 2701 potioribus
592 2621 678 2681 codd.
710 2621 904 2680 restituerant
934 2619 1125 2700 hedewigius
1144 2609 1187 2679 vet
1215 2619 1371 2702 llaaptias.

228 2729 301 2791 illibi
331 2727 444 2808 quidem
475 2728 641 2786 etiamnunc
663 2745 833 2806 persuasum
863 2733 910 2785 est
941 2725 969 2783 id
997 2744 1064 2784 nom
1094 2725 1237 2806 originem
1266 2727 1372 2789 debere

229 2841 379 2896 extremae
401 2832 532 2910 syllabae
555 2833 725 2913 praegressi
747 2831 827 2892 verbi
849 2832 969 2901 Desina-
990 2838 1021 2890 et
1043 2850 1124 2903 eum,
1149 2851 1223 2911 quae
1246 2809 1371 2914 sequun-

230 2948 279 2999 tur
300 2943 357 2996 iam
378 2940 461 2996 aenio
482 2940 645 3009 morituras,
669 2957 722 3016 per
743 2955 776 2996 se
798 2935 951 2995 continere
975 2953 1092 2995 oausam
1115 2937 1247 3016 possint,
1282 2958 1372 3018 quare

230 3043 364 3104 desinere
375 3042 503 3102 Aeneam
517 3040 681 3101 Mezentius
705 3040 794 3112 iubet,
818 3039 913 3099 omitti
935 3058 1002 3098 naas
1024 3041 1118 3101 setius
1141 3049 1206 3101 eret
1228 3061 1267 3102 ex
1290 3065 1371 3104 mora
1464 3063 1465 3112 i

230 3156 398 3230 poetarum3
425 3165 478 3206 nee
494 3145 630 3217 mirabor,
655 3145 681 3204 si
696 3145 743 3203 eui
765 3163 801 3204 ea
823 3143 971 3222 particula
992 3145 1039 3204 bio
1056 3147 1208 3226 παρέλκειν
1226 3147 1371 3208 videatur.

230 3256 273 3315 Aa
294 3252 412 3313 facilius
434 3251 548 3312 tulerim
572 3252 628 3310 boo
649 3268 726 3321 nom,
750 3249 804 3309 nisi
827 3249 978 3329 superiore
994 3269 1081 3310 versu
1097 3252 1168 3311 baec
1185 3253 1371 3333 legerentur:

231 3359 314 3433 „Nea
335 3364 456 3416 mortem
480 3356 662 3428 borremus'’,
695 3374 769 3434 quae
792 3361 824 3414 et
850 3355 913 3434 ipsa
942 3354 1113 3436 significent
1142 3376 1206 3416 eum
1236 3369 1371 3437 paratum

232 3483 297 3524 esse
321 3463 404 3522 mori.
448 3461 635 3541 Aptissimum
658 3468 756 3520 autem
778 3460 845 3520 boio
869 3460 997 3519 orationi
1018 3465 1093 3534 ians3
1116 3481 1181 3522 nam
1204 3481 1267 3522 eum
1285 3466 1371 3526 modo

232 3569 366 3629 universe
388 3573 419 3626 et
439 3573 570 3646 tempore
594 3585 650 3625 non
674 3572 778 3624 notato
802 3564 928 3623 dixisset
955 3584 987 3623 se
1018 3584 1082 3624 eum
1104 3585 1186 3638 esse,
1218 3569 1268 3647 qui
1300 3589 1372 3630 mor·

233 3683 291 3735 tem
314 3693 372 3733 non
394 3674 536 3744 horreret,
561 3689 635 3731 nune
658 3668 728 3728 dicit
751 3690 784 3730 se
806 3670 871 3729 ianr
892 3669 954 3750 (eo,
977 3688 1034 3751 quo
1053 3672 1124 3732 baec
1139 3672 1281 3752 loquitur,
1302 3683 1373 3736 tem·
1465 3711 1466 3714 =

231 3789 316 3861 pore)
347 3779 384 3838 ad
414 3777 607 3857 oppetendam
630 3783 753 3836 mortem
781 3777 892 3838 venire.
945 3775 1081 3836 Ceterum
1109 3778 1138 3837 in
1170 3779 1257 3838 simili
1285 3799 1372 3842 versu

233 3886 263 3957 9,
286 3885 366 3955 291,
396 3900 454 3962 quo
483 3881 629 3943 vitaretur
659 3899 740 3952 nom,
774 3879 924 3961 Vergilius
952 3880 1033 3940 biara
1061 3882 1164 3942 maluit
1193 3885 1372 3948 orationem:

233 3989 335 4070 „liano
358 3987 420 4046 siue
442 4007 488 4046 me
510 4007 589 4067 spem
612 3985 691 4046 ferre
711 3986 771 4046 tui:
793 3985 950 4048 audentior
970 3987 1018 4046 ibo
1042 3988 1073 4048 ln
1096 4007 1182 4048 casus
1206 3991 1331 4052 omnis.”

318 4076 390 4154 Aen.
406 4097 455 4166 11,
470 4089 540 4153 115.
584 4096 690 4151 Coeno
704 4094 786 4151 turbo
802 4095 937 4169 Pbrrpqam
957 4097 1070 4154 amiens
1089 4097 1253 4171 pionpantia
1274 4098 1374 4180 iungit
1462 4104 1465 4127 ¹

581 4197 604 4256 A
625 4199 712 4257 ariao.

232 4307 351 4380 turpant
370 4304 533 4366 ebledioeo
556 4217 679 4383 aliilqne
701 4301 781 4363 libris
803 4301 955 4364 revocavit
976 4301 1176 4384 bodowigias,
1199 4307 1275 4386 quod
1293 4309 1370 4369 unde

235 4417 331 4470 ortum
353 4411 402 4482 sit,
425 4418 549 4471 conatus
572 4429 635 4470 sum
666 4408 822 4468 ostendere
845 4409 969 4474 (tuaest.
994 4407 1104 4489 Vergil.
1129 4409 1206 4483 Vlll,
1230 4415 1269 4484 2,
1299 4433 1319 4473 a
1341 4421 1372 4476 et
1462 4418 1466 4482 i
