2960 4898
570 263 716 316 Lectiones
735 263 922 334 Vergilianas.
1283 271 1324 334 11

175 424 224 479 est
245 426 414 492 trorum,
443 418 500 480 iem
528 427 689 482 revocatur
716 439 753 480 oe
781 441 836 482 ree-
859 422 896 482 ad
925 432 1037 484 certum
1067 426 1242 508 exemplum.
1286 427 1326 488 llt

176 523 243 588 vido
267 525 511 606 tranquillitatem
534 525 683 606 pascentis
705 545 831 598 vaccae,
862 530 1041 590 commoriens
1063 531 1143 592 illem
1172 533 1324 593 certamini

176 628 319 708 proximis
341 629 473 691 versibus
495 629 695 690 describendo.
740 631 890 693 Remoreo
922 635 1086 696 asteriscos
1111 635 1200 696 etism
1222 657 1241 696 s
1262 655 1325 698 ver·

175 733 256 794 sibus
279 734 377 813 quarti
399 734 465 794 libri
489 736 660 796 291-293
683 742 773 815 atque
795 735 832 795 ad
855 738 1037 817 superiorum
1056 741 1247 820 interpretum
1262 761 1327 802 reu·

176 839 300 900 tentiam
321 839 448 912 secedo,
471 859 617 920 servoque
644 841 775 902 ordinem
805 861 941 904 versuum
963 843 993 904 in
1014 847 1100 907 Rom.
1123 847 1251 907 codicem
1276 865 1325 906 ex·

177 943 317 1015 bibitum,
341 963 426 1025 quern
448 945 593 1006 redhibuit
618 946 760 1021 Vossius,
782 965 801 1007 e
825 965 884 1028 quo
906 947 1039 1012 fortame
1060 953 1145 1012 noles
1166 951 1326 1032 llauptium

176 1048 360 1110 duomsum.

264 1172 337 1232 Λευ.
364 1177 392 1244 1,
415 1174 489 1232 211.
540 1149 667 1248 Tempora
688 1172 836 1253 deripiunt
858 1178 953 1236 rosus.

177 1279 322 1352 decipiam
341 1277 515 1359 hadewig„
537 1277 692 1350 Jobninm,
714 1279 831 1350 nteit,
853 1286 991 1352 secutus3
1021 1297 1125 1358 nempe
1147 1286 1253 1340 contra
1278 1301 1327 1344 ro·

177 1381 320 1441 luntatem
342 1381 440 1441 lebnii
463 1383 607 1456 deripiunt
627 1382 740 1464 legitur
761 1383 790 1441 in
813 1384 876 1442 eins
899 1384 1044 1457 editioue;
1076 1385 1139 1463 ipse
1159 1385 1265 1464 probat
1287 1390 1328 1445 di·

176 1491 286 1562 ripiuat
303 1493 453 1547 annotatt.
477 1507 547 1568 pag.
569 1489 632 1547 1115
656 1494 687 1546 et
699 1490 773 1558 111,
796 1487 874 1568 quod
896 1487 1019 1548 mirilico
1041 1506 1187 1548 consensa
1210 1491 1327 1551 codices

178 1593 231 1674 (ad
255 1611 329 1673 quos
352 1592 466 1651 accedit
485 1591 572 1650 etiam
594 1590 704 1672 fragm.
727 1591 837 1671 Vatia.)
859 1593 1072 1652 commendent.
1118 1593 1264 1674 llauptlus
1280 1599 1326 1654 de·

176 1701 293 1774 rips'um.
337 1697 480 1757 Subtilior
503 1696 539 1757 de
561 1715 598 1757 ea
619 1717 653 1757 re
675 1705 835 1778 quaeretur
856 1717 875 1757 e
896 1717 942 1757 me
964 1696 1043 1756 infra
1065 1696 1102 1757 ad
1124 1698 1160 1758 Λ.
1184 1704 1214 1771 d,
1239 1701 1313 1760 tut.

266 1819 338 1879 Λευ.
365 1824 393 1891 1,
416 1819 490 1879 488.
542 1821 692 1896 adpressit
712 1817 914 1901 lmdewigius.
943 1819 1066 1880 Jaboius
1092 1819 1190 1901 (quem
1221 1825 1327 1899 adpao·

176 1928 232 1984 scit
252 1925 377 1985 edidisse
400 1923 478 1984 falso
501 1923 596 1985 refert
617 1923 824 2007 Ladewigiue)
856 1931 887 1984 et
914 1925 1059 2005 Hauptius
1090 1944 1200 1985 mecum
1222 1929 1328 2004 adquo-

176 2032 230 2104 rit,
254 2049 307 2089 nee
329 2037 391 2102 ert,
415 2048 506 2109 quare
528 2028 651 2089 llladioei
672 2027 759 2088 fldem
782 2029 927 2089 hocloco
951 2047 1152 2109 aspernemur.

265 2153 338 2211 Λευ.
353 2155 382 2224 2,
394 2153 447 2212 56.
488 2155 625 2228 licioque
645 2171 721 2210 auec
743 2159 839 2212 staret
861 2153 1020 2228 Priamique
1041 2171 1099 2210 ore
1119 2155 1178 2212 ulto
1189 2172 1329 2215 monerer.

178 2267 269 2317 stares
290 2258 493 2339 Ladewigius,
516 2258 604 2318 etiam
627 2257 783 2337 Hauptius.
819 2256 891 2316 Mihi
907 2255 1021 2338 quidem
1044 2259 1138 2318 sadus
1160 2259 1278 2320 videtur
1291 2259 1328 2319 ad

178 2363 301 2424 llledieei
327 2364 535 2423 auctoritatem
556 2383 602 2422 ne
624 2382 814 2445 componere3
839 2363 921 2423 ouius
945 2363 1152 2444 vestigiorum
1168 2364 1224 2424 iarn
1248 2385 1327 2445 pres·

178 2468 240 2528 sius
263 2468 347 2549 sequi
369 2468 436 2527 mibi
459 2469 679 2548 proposuerim,
709 2487 767 2526 non
790 2467 893 2539 video,
928 2486 1019 2547 quaro
1050 2468 1096 2527 bie
1119 2468 1154 2528 ab
1177 2487 1213 2528 eo
1237 2469 1328 2532 disce·

178 2572 255 2634 dam.
300 2573 340 2632 Et
360 2573 517 2633 lectionem
546 2575 713 2652 antiquom,
742 2593 799 2632 noo
830 2571 961 2632 mendum
991 2572 1131 2644 Medicei,
1161 2591 1227 2632 esse
1257 2573 1329 2633 illud

177 2689 274 2750 staret,
298 2678 434 2738 discimus
458 2698 495 2738 ex
518 2677 795 2738 commemoratione
818 2677 924 2738 Servii.
955 2679 1017 2738 Nee
1038 2677 1195 2758 improbari
1217 2688 1328 2760 potest,

178 2782 258 2864 quod
280 2784 479 2843 miserationis
492 2783 685 2866 significatio,
709 2802 784 2863 quae
806 2783 883 2842 baud
907 2783 950 2843 ita
973 2782 1071 2844 elucet
1093 2784 1121 2843 in
1144 2783 1240 2847 verbis
1261 2785 1327 2844 rra-

176 2893 261 2966 s’oque
281 2909 358 2948 suec
379 2900 484 2959 staret,
518 2889 665 2949 illustrior
694 2897 741 2949 est
775 2889 804 2948 in
836 2890 1088 2949 commemoranda
1116 2889 1201 2950 alta
1231 2909 1328 2952 arco

178 2993 333 3065 Priami,
357 2994 426 3054 rede
449 2993 560 3074 imperii
584 2994 779 3074 antiquissimi
802 2993 1042 3075 nobilissimique.

265 3118 339 3178 Λευ.
364 3121 394 3190 2,
420 3121 491 3180 179.
520 3121 662 3180 adaerere
683 3117 858 3180 deteriorem
882 3117 1038 3178 lectionem
1061 3115 1215 3196 adoptavit
1236 3116 1329 3178 Lede·

178 3224 288 3306 wigius
311 3222 408 3285 falsae
430 3223 685 3304 interpretationis
708 3224 827 3306 gratia3
849 3242 981 3296 uueamc,
1003 3231 1037 3282 ut
1059 3242 1118 3304 ego
1132 3221 1218 3295 edidi,
1241 3222 1330 3282 etiam

179 3329 335 3410 llauptius.

265 3454 339 3514 Λευ.
364 3453 394 3525 2,
420 3451 491 3511 187.
536 3451 620 3508 uam
640 3452 739 3510 molem
761 3452 841 3510 coelo
864 3447 1021 3533 (Colchas)
1044 3451 1166 3510 educere
1187 3451 1277 3521 iussu,

530 3557 569 3614 Ne
590 3559 682 3629 recipi
701 3560 792 3630 portis
813 3567 864 3616 aut
885 3559 950 3616 duci
971 3560 1003 3614 in
1024 3560 1136 3616 noeais
1158 3555 1264 3635 possit.

175 3691 270 3759 posset
286 3679 428 3752 Ledeue„
451 3678 520 3738 imm
543 3678 706 3758 Hauptius,
737 3686 826 3760 atqua
850 3679 963 3760 ipsein
987 3679 1071 3740 Verr.
1094 3680 1194 3741 Lectt.
1218 3677 1329 3760 signiti-

178 3786 244 3848 cavl
268 3805 312 3845 me
333 3783 498 3857 dubitasse,
522 3804 558 3844 ao
582 3785 751 3865 reciperem.
797 3785 856 3844 Sed
879 3785 1003 3844 nondum
1028 3805 1073 3846 me
1095 3803 1215 3866 possum
1237 3784 1329 3844 sltlc·

177 3891 255 3952 dicei
275 3889 456 3950 auctoritate
477 3890 621 3962 avellere3
655 3890 737 3970 qnid,
767 3889 845 3971 quod
874 3909 950 3949 nuno
980 3889 1097 3950 inuenio
1126 3888 1156 3947 in
1180 3890 1330 3967 praesenti

176 4001 278 4072 possit,
312 4012 370 4076 quo
393 3993 422 4053 id
446 4001 560 4076 tempus
579 4004 661 4055 recto
691 3983 895 4056 obmmondare
918 3995 1017 4055 liceat.
1059 4003 1154 4068 posset
1174 3990 1211 4052 ad
1233 3991 1328 4051 consi·

179 4101 250 4162 lium
272 4099 443 4162 Calchantis
465 4097 612 4173 refertur,
632 4105 721 4175 possit
742 4101 779 4162 ad
802 4106 927 4161 mentem
949 4099 1081 4171 Sinonis,
1104 4098 1155 4178 qui
1178 4116 1215 4156 eo
1239 4097 1330 4158 tacite

180 4205 307 4266 enudans
329 4205 461 4264 ostendit
481 4203 647 4266 laciendum
669 4225 736 4268 esse
759 4207 815 4265 boc
844 4206 957 4286 ipsum,
986 4204 1148 4264 ducendum
1169 4221 1274 4283 equom
1299 4203 1329 4262 in

177 4309 336 4371 moeniee
363 4308 522 4382 Troianis,
549 4309 690 4372 simulans
712 4329 745 4371 aa
768 4311 909 4391 prodere,
941 4310 1018 4391 quod
1048 4309 1172 4370 maxime
1202 4307 1328 4368 colatum

181 4415 273 4478 velint
294 4414 412 4476 Graeci.
