2960 4898
521 265 668 318 Lectiones
684 258 868 330 Vergilianas.
1228 265 1287 327 37.

119 419 218 500 quieti
242 439 277 480 se
297 419 414 480 dedisse
438 423 520 494 „Noe
541 432 605 480 erm
628 464 636 480 .
659 463 666 478 .
690 417 851 496 depumn”,·
873 417 946 476 hene
969 417 1145 478 sententiam
1167 418 1270 481 deinde

122 525 270 604 explanat
299 525 483 606 diletetque,
514 526 635 607 prinam
664 525 780 596 ditono,
813 523 891 605 quod
917 529 979 580 tum
1009 523 1134 582 maxima
1156 529 1269 602 tempus

122 629 223 688 noctis
245 629 337 690 fuerit
360 649 446 702 „aaa
467 647 505 688 ιιι.
527 647 551 688 ι.
575 649 606 689 ιι
621 627 732 704 lopsu”,
753 629 858 690 deinde
879 632 1006 686 suomet
1028 626 1098 697 illa,
1129 643 1204 706 quae
1227 648 1271 688 vs.

123 735 188 795 525
213 751 259 815 aq.
283 735 383 814 posuit
405 746 499 796 terrm
521 743 552 796 et
575 755 717 812 orquoro3
739 736 839 816 itaque
854 752 946 814 agros
963 735 1170 792 conmemorat
1184 753 1270 814 quae·

124 859 184 921 que
206 840 245 900 ilei
268 847 353 913 aunt,
384 861 496 922 greges
526 845 677 917 (paradeo)
707 849 739 902 et
766 841 919 912 volucres,
951 857 1073 918 querum
1102 838 1179 898 aliae
1202 849 1272 898 sunt

123 950 302 1015 terrestres,
326 943 403 1005 nline
424 945 469 1026 (id
493 946 571 1026 qood
594 953 711 1026 spectat
733 946 769 1005 nd
793 943 975 1025 aequora)
1000 944 1164 1023 squatinae,
1186 946 1269 1004 mari·

122 1047 226 1107 timae.
271 1047 418 1128 Exposita
439 1050 482 1108 lta
504 1051 589 1114 liuius
612 1051 755 1112 sermonis
784 1069 928 1130 compage
950 1056 1075 1128 apponet
1096 1051 1271 1110 oouiunetia·

121 1153 200 1212 sima
221 1151 299 1211 inter
320 1171 353 1212 re
375 1170 441 1212 ease
464 1155 536 1213 liaeo
559 1158 649 1227 „Cum
670 1167 746 1216 tonet
766 1160 857 1214 omnis
870 1171 949 1231 oper,
971 1151 1107 1228 pronde?
1128 1165 1193 1229 oet,
1219 1173 1272 1215 nee

121 1256 188 1316 ullo
210 1257 299 1316 modo
323 1259 493 1320 dirimenda.
539 1261 676 1335 Aoeedit,
710 1263 787 1343 quod
817 1263 875 1322 iste
903 1265 972 1320 Gom
994 1271 1068 1319 tacet
1088 1263 1179 1319 omnia
1200 1279 1271 1336 oper

79 1409 85 1428 ,
122 1361 271 1423 ieiuniora
295 1372 374 1435 sunt,
397 1383 483 1445 quom
500 1382 576 1446 quae
591 1368 684 1427 omnis
697 1367 906 1428 illustrationis
920 1366 1054 1445 expertia
1070 1365 1270 1446 Vergilianum

126 1465 226 1525 stilum
249 1465 392 1528 referant.
437 1469 522 1536 Quae
545 1489 609 1530 eum
631 1472 674 1532 ita
696 1473 766 1544 sint,
789 1486 905 1535 versun
927 1473 990 1531 528
1013 1470 1076 1530 iure
1097 1469 1209 1550 expelli
1232 1471 1272 1530 in·

127 1573 286 1654 telligitmr.
311 1599 350 1620 -κ-
378 1573 630 1635 cemrnnlibens
652 1577 762 1658 urrdplo
788 1577 864 1636 hene
885 1576 1137 1656 opportunitatem
1159 1574 1197 1634 od
1217 1574 1272 1634 tol·

124 1679 244 1739 lesden
267 1695 416 1750 errorem,
447 1695 532 1759 quem
556 1681 659 1742 admisi
682 1682 712 1742 in
736 1681 820 1742 Verr.
842 1681 959 1755 Loett.;
990 1698 1104 1740 ouras
1126 1679 1202 1739 enim
1224 1680 1269 1740 le·
1360 1717 1362 1720 -

122 1783 191 1843 otiis
214 1781 350 1842 attribuit
373 1782 486 1864 Vergil.
510 1785 541 1856 9,
566 1786 647 1857 225,
670 1783 748 1866 quod
770 1785 806 1844 ab
828 1804 865 1844 eo
888 1784 953 1844 fieri
974 1803 1161 1866 negaveram.

211 1887 326 1959 Aemi,
338 1889 413 1948 ull.
436 1889 505 1960 (lais
526 1905 570 1947 me
590 1898 697 1962 numm,
717 1893 769 1964 soe
789 1891 867 1962 nelle,
888 1887 1127 1961 stertentium
1145 1889 1272 1964 superbie

435 1993 560 2054 invisam
580 1997 720 2070 arripient

120 2102 248 2159 lor-iam
268 2097 461 2179 Lemnigim
484 2117 548 2158 eum
571 2100 734 2173 Peldamo,
766 2101 888 2160 loriam·
910 2097 1071 2178 Heuptius,
1102 2105 1137 2160 ιιι
1158 2115 1217 2178 ego
1241 2103 1272 2160 et

122 2208 220 2268 multo
244 2215 314 2267 ante
335 2207 473 2267 Heinsius
495 2214 528 2268 et
549 2208 690 2286 lleyniua.
735 2209 768 2270 ln
798 2209 899 2268 eodem
923 2206 1059 2268 oratione
1081 2204 1205 2265 Didonis
1226 2225 1271 2268 vs.

123 2316 191 2374 5³4
213 2313 287 2371 haee
308 2312 466 2392 legunture
495 2317 658 2386 „rursusne
681 2332 789 2396 procos
811 2315 932 2374 inrisa
960 2312 1074 2393 priores
1098 2311 1273 2390 Experier'’.

123 2421 271 2490 Putasne,
293 2418 357 2478 Vir
376 2419 698 2500 elegantissime,
721 2430 781 2480 tem
803 2421 884 2482 brevi
900 2417 1057 2480 intervallo
1069 2416 1112 2476 bin
1128 2416 1272 2477 Didonem

122 2526 247 2584 inrisam
270 2543 303 2584 se
328 2523 515 2604 appellasnel
558 2526 598 2585 uo
619 2533 653 2585 ut
674 2543 719 2588 va.
742 2528 807 2586 5³4
827 2525 993 2586 rectissimo
1013 2522 1090 2583 liido
1112 2522 1220 2581 dieitur
1241 2522 1270 2582 in

124 2629 304 2690 derisionem
326 2628 492 2701 incurrere,
523 2630 689 2703 nieorum,
717 2649 792 2711 qnos
820 2637 974 2710 spreverat
1002 2626 1137 2707 praelatu
1160 2626 1271 2698 Aenea,

11 2723 16 2738 '
124 2735 182 2793 iam
206 2733 287 2793 ultro
308 2740 430 2814 appetat
449 2733 642 2816 coniugium,
676 2736 719 2794 ite
741 2755 785 2797 vs.
809 2738 869 2795 541
894 2738 1013 2792 iarirnm
1037 2731 1200 2792 offenderet
1222 2732 1273 2792 leo·

125 2841 233 2898 minem
255 2839 385 2917 quemvis
408 2839 499 2918 paulo
528 2840 747 2912 humaniorem,
779 2840 858 2920 quod
890 2839 938 2901 vel
967 2837 1092 2898 maxime
1122 2835 1272 2917 indignum

123 2941 257 3004 futurum
279 2949 361 3014 erat,
391 2941 417 3002 si
438 2942 567 3004 Troiani
588 2944 667 3004 omni
700 2963 756 3024 ope
786 2965 805 3004 a
827 2944 941 3003 llidoue
963 2943 1074 3014 adiuti,
1107 2960 1270 3001 nunonem

125 3047 303 3119 irriderent3
327 3063 380 3106 neo
392 3045 469 3106 llido
484 3047 526 3106 ito
539 3047 713 3108 existimare
728 3056 862 3128 poteret3
879 3048 1072 3130 generosiore
1085 3054 1151 3106 erat
1166 3047 1272 3120 animo,

126 3169 217 3232 quem
240 3157 273 3208 ut
296 3157 408 3228 posset.
452 3151 493 3209 Δι
514 3152 700 3230 superbos
732 3154 797 3232 ipsa
819 3152 980 3232 appellavit
1001 3153 1158 3224 (renonem
1178 3169 1273 3225 soper-

124 3257 170 3314 ou
197 3257 318 3312 inrisum
351 3257 488 3328 arripiet)
518 3255 686 3330 Troianum
717 3257 906 3336 superborum
936 3263 1032 3314 nutem
1064 3261 1112 3314 ert
1130 3232 1272 3314 irridere.

123 3361 234 3420 Verum
257 3361 328 3431 hoo,
350 3359 402 3418 sed
425 3359 477 3419 illa
498 3361 641 3440 superbos
662 3369 766 3434 vocet,
790 3362 873 3442 quia,
898 3360 946 3442 qui
969 3361 1055 3420 modo
1079 3361 1205 3422 omnium
1227 3379 1271 3420 re·
1349 3403 1352 3414 e

123 3483 190 3527 rum
214 3464 303 3545 egeni
325 3464 371 3544 (l,
395 3464 473 3546 599)
496 3476 655 3539 venerant,
679 3487 755 3526 nuno
777 3467 1012 3527 coniunctionem
1035 3467 1069 3526 eb
1092 3467 1157 3546 ipra
1179 3467 1207 3526 in
1228 3485 1272 3524 ro·

123 3575 179 3631 buo
201 3567 418 3628 florentissimis
440 3572 604 3630 eonstitute
633 3571 761 3631 oblatam
789 3578 978 3650 spreverunt3
1008 3572 1152 3632 invisus
1174 3577 1273 3630 eutem

122 3675 210 3736 nohis
234 3693 301 3733 esse
323 3675 440 3754 eoepit,
464 3675 511 3735 oui
533 3678 686 3756 provooeti
708 3676 856 3737 benefieiis
879 3675 1109 3738 malefecimus.

213 3781 285 3840 oen.
310 3784 340 3852 «l,
362 3781 436 3841 593.
481 3781 686 3862 Deripieutqoe
706 3794 784 3842 roera
805 3785 856 3841 olii
876 3783 1045 3841 noualibus?

123 3888 274 3960 Diripiens
293 3883 412 3963 scripsit
440 3885 633 3966 Ladewigius
664 3886 915 3947 consentientibus
944 3885 1075 3946 omnibus
1099 3883 1179 3942 libris
1203 3902 1271 3943 msa.

124 3992 266 4073 (quorum
295 3989 324 4046 in
354 4007 391 4047 en
420 4009 453 4048 re
482 3989 557 4050 fider
584 3991 668 4050 nimia
697 3990 795 4051 fellax
827 3990 888 4070 est)
919 3993 988 4051 item
1015 3989 1132 4050 iubente
1154 3987 1272 4059 laonio,

124 4095 257 4176 Heuptin
281 4093 485 4154 dissentiente.
518 4095 630 4176 Nempe
652 4115 716 4155 oum
738 4099 878 4156 dedocere
899 4115 985 4156 nones
996 4095 1088 4175 vulgo
1105 4093 1203 4154 diraut
1215 4093 1272 4154 Ro·

123 4201 221 4272 meni,
244 4203 389 4274 deripere,
412 4199 433 4260 i.
457 4218 483 4260 o.
506 4199 613 4280 raptim
636 4202 798 4272 deducere,
829 4202 927 4264 dinero
951 4203 978 4260 ln.
1001 4201 1021 4260 l.
1045 4199 1147 4258 meluit
1169 4197 1272 4280 Vergi-

125 4309 185 4368 lius
207 4307 243 4366 ad
266 4302 490 4386 significandam
511 4306 749 4384 festinationem
772 4313 804 4367 et
826 4311 951 4382 diripere
968 4324 1122 4386 numquam
1139 4303 1271 4364 celerite-

127 4420 186 4474 tem
209 4413 328 4475 indicet.
360 4411 399 4471 ut
421 4412 447 4473 si
469 4413 525 4473 hoo
547 4413 614 4475 loeo
637 4433 737 4477 rerum
760 4420 840 4476 esset
861 4416 997 4491 diripient
1016 4421 1093 4472 rocas
1114 4411 1270 4488 ennodius,

1460 4511 1468 4583 l
