2940 4894
504 255 650 308 Lectiones
668 255 853 322 Vergiiisnse.
1197 258 1237 320 01

90 430 211 474 vanum.
257 410 394 472 Codicum
410 408 645 490 Vergilianornm
669 411 698 469 in
721 409 886 471 universum
902 415 1043 469 tantaest
1056 407 1183 483 bonitas,
1206 417 1240 472 ut

88 537 180 588 raro,
209 517 294 576 immo
329 513 495 585 rarissime,
525 513 607 573 locus
638 515 725 574 detur
753 513 940 574 coniecturis.
986 514 1087 581 Quare
1119 521 1239 594 oportet

88 622 228 692 criticum
250 622 287 680 ed
310 617 498 703 perpetienda
520 617 606 677 buius
628 630 734 698 poetae
761 620 890 680 earmina
913 619 1103 692 ⁴accedentem
1133 620 1239 680 cautis·

88 727 168 786 sime
195 726 223 785 in
254 743 292 784 ea
317 744 350 784 re
379 722 508 796 versari,
538 727 710 803 praesertim
742 745 806 784 cum
836 724 974 805 quasdam
1004 724 1239 786 doctissimorum

86 832 223 893 νίιοιιιιιι
246 829 416 909 opiniones,
448 851 524 911 quae
557 851 657 892 omnes
685 830 821 894 veritatis
849 849 985 890 numeros
1013 829 1044 891 in
1070 849 1103 890 se
1132 831 1239 892 babere

85 937 177 998 visae
200 942 279 1006 sunt,
302 941 399 996 tamen
421 935 516 997 falsas
540 955 607 997 essa
629 935 840 1016 intelligamus.
916 971 921 980 =

182 1040 216 1100 Ε.
242 1044 269 1111 1,
293 1041 345 1100 tt.
389 1044 520 1116 rapidum
542 1043 650 1102 Cretae
672 1044 813 1100 vestiemus
836 1041 944 1103 Ome.

86 1147 226 1221 rapidam
248 1155 344 1204 essm
373 1163 399 1204 s.
429 1148 480 1219 0.,
514 1147 557 1207 sie
590 1147 801 1229 hadewigius‚
835 1143 986 1216 Servium,
1019 1161 1192 1224 quamquam
1213 1143 1239 1203 is

87 1251 182 1312 etiam
206 1249 329 1310 citerius
350 1251 475 1312 rationis
498 1253 642 1326 meminit,
665 1273 701 1314 ao
724 1250 860 1310 vossium
883 1256 1012 1310 secutus.
1073 1247 1240 1308 Macrobius
1271 1305 1273 1312 .

88 1357 122 1427 3,
149 1359 169 1414 t
193 1362 288 1414 utrum
310 1357 458 1436 preprium
482 1377 586 1418 nomen
620 1361 720 1420 oratu
750 1376 787 1415 an
818 1354 1026 1435 appellativum
1055 1363 1151 1412 cretus
1175 1372 1241 1414 esse

87 1461 233 1548 ¹solues-it,
256 1461 397 1521 incertum
421 1472 477 1524 est.
532 1463 695 1544 iiauptins,
726 1461 966 1543 quemadmodum
996 1466 1065 1519 ante
1087 1477 1132 1518 me
1154 1457 1240 1518 Hein-

89 1567 175 1637 sius,
197 1566 346 1644 Heynius,
369 1567 493 1628 debuine
515 1566 670 1640 iecerunt,
702 1569 836 1642 rapidum
859 1567 960 1625 Oratae
981 1563 1082 1624 edidit.
1137 1561 1240 1636 Velim,

89 1672 144 1753 qni
166 1673 298 1746 rapidam
320 1683 415 1732 orem
437 1673 586 1746 scribunt,
609 1674 737 1734 doceant
758 1671 867 1732 Latine
888 1670 932 1730 ita
953 1669 1009 1730 dici
1025 1689 1122 1748 posse.
1167 1668 1241 1728 Nam

89 1797 158 1839 cum
181 1777 273 1838 muita
295 1777 439 1838 adiectiva
461 1797 525 1838 cum
547 1779 688 1860 genetivo
713 1778 892 1857 iungantur,
925 1774 1035 1834 nuiinm
1058 1782 1105 1832 est
1132 1779 1241 1845 temen,

89 1882 173 1964 quod
196 1883 335 1944 ostendat
356 1884 445 1945 licere
465 1886 553 1946 etiam
575 1885 672 1946 dicere
693 1888 812 1960 sapidas
833 1893 948 1955 αναιαα,
970 1882 990 1941 i.
1010 1901 1037 1942 e.
1060 1881 1109 1962 qui
1132 1889 1241 1942 cretam

89 2007 195 2049 seeum
216 1988 329 2068 rapiet3
365 2008 428 2049 nam
452 1995 568 2066 cupidos
600 1990 698 2051 forma
727 1997 840 2050 tantum
868 1993 915 2047 est
946 1986 1057 2058 simite,
1091 1969 1162 2058 nac,
1193 1985 1242 2066 qui

91 2093 294 2167 „fervidus
322 2095 498 2175 ingenii“
527 2096 620 2168 dixit,
655 2115 690 2156 eo
714 2093 849 2174 probavit
880 2091 970 2151 etiam
1000 2099 1096 2149 metus
1125 2093 1242 2165 rapidum

91 2219 195 2262 verum
217 2199 316 2260 baberi
338 2219 436 2280 posse.
480 2201 601 2260 Accedit
624 2200 669 2274 ei,
692 2219 776 2280 quam
799 2198 966 2279 protomus,
989 2195 1111 2256 lectioni
1135 2213 1240 2257 novum

91 2305 272 2388 praesidium
293 2325 332 2367 ex
354 2308 418 2387 ipsa
439 2328 473 2367 re
495 2307 629 2389 petitum.
673 2309 813 2369 Novimus
849 2306 923 2368 enim
951 2311 1067 2366 veteres
1091 2321 1242 2383 possesso·
1324 2329 1328 2338 ·

91 2431 142 2471 res
166 2397 307 2493 agrorum
327 2413 475 2474 veteranis
497 2413 655 2475 divisorum
679 2420 800 2474 avectos
823 2409 941 2472 esseio
964 2408 1130 2492 provincias
1148 2415 1241 2468 trans·

92 2516 310 2587 marinas,'ubi
333 2536 425 2578 novas
448 2517 581 2577 colonias
605 2519 768 2578 conderent
789 2523 841 2576 eut
872 2513 1108 2575 adscriberentur
1137 2512 1241 2574 vetori-

91 2624 166 2682 bus:
188 2622 246 2682 vid.
262 2622 458 2682 Ruhnken.
482 2624 519 2682 ad
542 2623 645 2683 Vellei.
657 2624 726 2684 Pet.
742 2625 835 2694 2,81.
858 2620 1025 2680 Boeckb.
1049 2619 1086 2678 ad
1098 2621 1144 2680 tit.
1158 2621 1242 2682 2597

93 2727 237 2807 Corporis
249 2726 398 2806 inscriptt.
412 2726 517 2787 (isaeo.
526 2772 535 2801 ,
557 2727 711 2787 Rudorf
717 2726 733 2786 f
738 2728 764 2787 ii
780 2725 984 2786 institutiones
995 2731 1123 2806 grenat.
1139 2747 1168 2804 p.
1178 2727 1239 2786 331

92 2841 125 2894 et
148 2835 212 2893 386
235 2852 296 2913 sip,
318 2833 481 2893 Beckeri
504 2841 534 2895 et
556 2834 803 2915 Marquardti
824 2832 1016 2911 Antiquitatt.
1040 2832 1123 2891 Rom.
1150 2831 1240 2893 Tem.

92 2939 144 3010 iii,
169 2938 205 2997 P.
229 2937 251 3008 Ι,
274 2959 301 3017 p.
327 2939 388 2997 335
412 2957 457 3019 sq.
480 2939 588 3019 quique
610 2939 646 2998 ab
670 2937 715 2997 bis
738 2938 906 3008 laudantur,
930 2935 1148 3007 Fabricius,
1171 2936 1241 2996 Ma·

93 3043 273 3114 nocbiua,
295 3042 504 3122 Zumptius.
549 3043 670 3104 cassius
692 3044 749 3104 Dio
773 3044 827 3114 51,
850 3047 869 3100 4
893 3037 1030 3113 ,ἐκείνων
1052 3036 1084 3102 δὲ
1107 3041 1241 3119 (αοΙοοο·

92 3170 159 3210 rum
181 3148 387 3228 expulsorum)
417 3151 477 3222 τοῖς
508 3150 562 3227 μὲν
583 3151 698 3210 πλείοσι
719 3147 752 3210 so'
774 3171 802 3209 se
823 3145 990 3229 Δνῤῥάχνον
1012 3150 1062 3205 καὶ
1088 3142 1155 3218 τοὺς
1178 3145 1241 3208 Φα-

92 3261 218 3328 λίπποας
243 3253 367 3316 ἄλλοτε
389 3251 516 3316 ἐπαινεῖν
539 3252 697 3316 ἀντέδωκεν
719 3252 946 3336 (Octavianus),
979 3254 1040 3324 τοῖς
1068 3248 1101 3313 δὲ
1127 3253 1243 3325 λοιποῖς

94 3358 240 3444 ἀργύριον
262 3354 325 3420 ciust
345 3360 392 3435 τῆς
409 3357 513 3440 χώρας
534 3357 565 3420 τὸ
587 3361 641 3439 μὲν
663 3359 767 3438 ἔνειμε,
793 3357 824 3419 τὸ
848 3355 876 3419 δ’
896 3355 1067 3438 ὕπέσχετα“.
1124 3358 1182 3417 Sed
1205 3359 1242 3418 ad

94 3473 227 3526 nostram
250 3483 368 3523 oausam
391 3465 419 3522 id
443 3465 625 3544 potissimum
646 3466 792 3544 pertinet,
823 3466 900 3546 quod
930 3465 959 3524 in
982 3485 1018 3525 ea
1039 3484 1073 3523 re
1095 3465 1242 3526 Cretae

96 3589 215 3652 quoque
240 3568 346 3627 mentio
370 3566 421 3641 fit3
445 3568 519 3628 idem
549 3568 606 3628 Dio
632 3571 684 3641 119,
711 3573 750 3628 st
771 3565 894 3646 ,ἐπειδὴ
922 3564 980 3650 γὰρ
1013 3565 1065 3629 οὗν
1095 3564 1243 3651 ἐξήρκεσεν

94 3673 167 3754 ἢέν
193 3676 233 3755 τῷ
265 3670 399 3754 δημοσίῳ
430 3671 491 3735 τότε
520 3668 595 3735 οὖσα
628 3671 763 3755 (χώρα),
793 3680 985 3757 πραςεπρίαιο
1018 3673 1109 3751 ἄλλον
1137 3697 1165 3736 ss
1192 3681 1243 3736 nui

93 3776 178 3864 παρὰ
201 3779 378 3859 Καμπανῶν
400 3779 456 3840 τῶν
477 3775 508 3839 ἓν
528 3779 561 3860 τῇ
583 3777 692 3860 Καπύῃ
716 3778 872 3841 οἰκούντων
894 3776 997 3860 συχνὴν
1018 3784 1068 3840 καὶ
1085 3776 1182 3855 αὐτοῖς
1199 3821 1241 3842 ...

94 3885 144 3965 τὴν
167 3883 272 3968 χώραν
296 3880 345 3960 τὴν
366 3885 567 3958 Κνωσίων,
601 3885 635 3961 ἣν
662 3889 714 3945 καὶ
741 3887 791 3946 νῦν
826 3888 1021 3967 καρποῦνται,
1051 3882 1241 3947 ἅντέδωκεν“.

96 3993 208 4052 Eodem
230 3995 347 4070 spectat
369 3990 475 4048 Strabo
499 3990 574 4049 libro
598 3990 708 4049 decimo
732 4011 760 4070 p.
779 3993 841 4050 477
861 3992 936 4064 „viv
959 3988 990 4052 δὲ
1012 3986 1164 4064 Κνωσὸς
1192 3995 1243 4052 soi

88 4097 252 4176 Ῥωμαίων
273 4091 413 4155 ἀποικίαν
433 4093 529 4174 ἔχειῆ
557 4100 588 4154 et
617 4094 722 4154 titulus
752 4102 842 4176 supra
867 4095 944 4156 l'aud.
978 4096 1067 4177 (torp.
1092 4095 1241 4177 inscriptt.

7 4197 13 4211 ’
96 4205 286 4266 Graecarum.

185 4308 320 4367 ceterum
344 4304 432 4364 reieci
455 4305 527 4363 haec
550 4303 579 4364 in
602 4303 674 4384 Gap.
697 4303 747 4375 ΙΙΙ,
778 4305 914 4385 quoniam
936 4323 972 4363 aa
994 4323 1041 4364 res
1064 4325 1122 4366 non
1145 4325 1183 4366 ex
1206 4307 1239 4367 li·

100 4415 219 4476 brorum
241 4431 309 4472 mss.
333 4409 513 4481 testimonio,
536 4410 587 4469 sed
610 4428 648 4468 ex
671 4409 841 4469 coniectura
864 4409 980 4490 pendet.
1048 4481 1065 4512 ο
