2940 4894
179 223 221 288 96
617 223 736 292 Philippi
755 225 892 294 Wagncri

179 377 250 458 cipit
268 378 423 437 blanditias
447 378 581 459 magistri
604 396 673 450 non,
696 384 730 435 ut
751 386 831 450 ante,
848 377 1059 438 ‘reformidare
1112 379 1235 460 lamque
1258 379 1332 440 vide

181 480 247 540 mibi
268 482 363 543 verbis
385 485 471 558 Atque
493 485 563 541 baec
587 525 593 540 .
616 523 625 541 .
650 526 658 541 .
679 485 784 541 ιιιιάιαι
804 482 958 542 subiuncta
979 482 1032 542 illa

415 604 502 682 inque
525 604 615 665 vicens
642 605 693 664 det
716 602 850 663 mollibus
874 623 928 664 ora
950 603 1088 683 capistris

309 705 455 766 invalidus
477 708 623 787 etiamque
646 715 784 780 tremens,
807 709 893 767 etiam
918 708 1025 768 inscius
1048 708 1128 780 aevi3

181 847 255 909 quae
276 829 340 907 ipsa
363 847 411 886 res
433 827 632 906 proficiscitur
652 829 687 888 ab
712 829 844 900 audacia,
866 849 924 887 non
947 849 965 888 a
987 829 1108 910 gaudio.

265 951 301 1010 A.
328 956 355 1024 l,
380 956 410 1013 8.
455 971 509 1030 qao
531 956 645 1010 numine
668 953 762 1010 laeso.

178 1095 232 1152 qao
255 1080 367 1134 numine
389 1078 485 1134 laesa
509 1076 628 1156 scripsit
650 1075 852 1156 hadewigius,
877 1076 1023 1155 quomodo
1048 1075 1207 1156 Vergilium
1233 1071 1330 1154 scrip·

178 1181 254 1242 sisse
277 1181 384 1261 primus
407 1182 533 1241 coniecit
557 1182 720 1261 Scioppius.
765 1182 805 1241 At
828 1193 880 1242 nec
905 1181 1097 1240 necessariam
1122 1201 1189 1239 esse
1212 1199 1327 1238 mecum

178 1284 336 1358 fateberis,
359 1285 424 1344 Vir
446 1287 700 1358 amicissime,
723 1288 797 1346 banc
820 1287 1028 1358 coniecturam,
1052 1305 1105 1345 uec
1131 1285 1329 1367 probabilem

181 1411 238 1451 uon
263 1392 475 1462 necessariam,
500 1391 568 1470 quia
590 1392 678 1452 verba
700 1413 753 1468 qao
777 1397 891 1451 numine
913 1395 1004 1464 laeso,
1028 1411 1102 1471 quae
1125 1399 1172 1450 est
1195 1392 1327 1450 omnium

178 1495 314 1555 librorum
338 1495 445 1565 lectio,
469 1496 618 1554 commode
640 1497 781 1574 explicari
804 1506 946 1576 possuut3
972 1518 1028 1554 non
1046 1496 1231 1575 probabilem,
1254 1497 1329 1575 quia

179 1621 236 1660 non
260 1609 306 1660 est
329 1599 464 1659 credibile
486 1599 649 1660 faciliorem
672 1602 825 1661 lectionem
849 1606 965 1660 laesae
988 1601 1112 1660 librariis
1131 1602 1159 1660 iu
1176 1599 1329 1662 difficilio-

178 1726 237 1764 rem
261 1708 335 1764 loeso
359 1713 497 1763 mutatam
521 1725 596 1764 esse.
650 1706 827 1765 Vocabulum
849 1705 949 1764 namen
971 1704 1006 1764 fit
1028 1727 1047 1766 a
1068 1726 1124 1765 nuo
1148 1707 1328 1786 proprieque

179 1811 298 1891 ponitur
320 1811 348 1868 in
371 1830 404 1868 re
431 1809 647 1890 aliquovorsum
679 1830 712 1869 se
742 1810 919 1884 inclinante,
947 1821 981 1871 ut
1004 1811 1079 1891 apud
1101 1810 1268 1870 Lucretium
1294 1815 1324 1885 4,

183 1919 243 1976 180
268 1914 364 1994 (179)
389 1922 420 1974 et
444 1917 474 1986 2,
498 1917 571 1988 632,
595 1916 676 1974 cuius
699 1916 787 1976 verba
809 1915 886 1976 infra
910 1917 1052 1977 adiiciam.
1098 1919 1232 1998 Utroque
1253 1919 1324 1978 loco

178 2041 279 2078 mamea
302 2041 319 2080 a
341 2021 411 2080 viris
433 2019 528 2079 doctis
551 2030 691 2080 mutatum
716 2022 811 2080 estin
834 2042 959 2092 mamam
984 2023 1090 2082 nollem
1113 2023 1235 2095 factum,
1257 2043 1324 2083 cum

116 2159 118 2167 <
178 2128 250 2187 baec
272 2128 392 2187 invicem
415 2145 448 2184 se
471 2131 610 2183 tueantur
632 2125 779 2204 ipsiusque
803 2127 886 2185 buius
908 2127 1042 2188 vocabuli
1063 2137 1169 2188 natura
1187 2130 1326 2188 admittat

178 2232 268 2303 banc,
290 2250 375 2311 quam
398 2233 425 2291 ei
448 2233 533 2291 modo
562 2233 666 2304 tribui,
697 2228 953 2313 significationem.
1010 2234 1091 2305 „At,
1114 2235 1207 2315 inquit
1229 2235 1324 2294 Laeb-

178 2355 299 2395 mannus
329 2336 366 2395 ad
391 2337 510 2398 Lucret.
536 2341 565 2410 2,
589 2340 662 2410 632,
692 2337 760 2418 quid
790 2336 830 2394 sit
857 2356 975 2408 numen,
1007 2339 1094 2398 docet
1124 2340 1216 2400 Varro
1246 2341 1266 2399 l.
1292 2343 1323 2402 7.

179 2462 208 2521 p.
231 2443 314 2500 363:
344 2440 456 2500 Numen
483 2443 582 2501 dicunt
610 2462 676 2501 esse
704 2442 870 2521 imperium,
904 2442 1010 2502 dictum
1041 2445 1185 2504 anutu”.
1229 2445 1324 2503 Huius

179 2544 234 2606 viri
257 2552 340 2603 tanta
363 2553 409 2605 est
431 2547 535 2605 merito
566 2548 641 2626 apud
675 2567 720 2606 me
751 2549 932 2620 auctoritas,
964 2556 998 2606 ut
1027 2569 1119 2629 prope
1149 2549 1256 2610 invitus
1285 2550 1323 2609 ab

179 2649 241 2710 cius
270 2649 418 2709 sententia
449 2652 603 2712 discedam.
659 2651 717 2710 Sed
748 2661 843 2712 tumen
874 2653 960 2714 velim
993 2655 1147 2726 attendas,
1179 2654 1324 2734 optime

100 2795 104 2816 ι
180 2755 362 2827 Anthoni,
400 2757 452 2816 illa
481 2757 628 2817 Varronis·
651 2756 739 2818 verba
768 2767 903 2837 spectare
934 2758 970 2819 ad
999 2759 1202 2819 illustrandum
1232 2779 1322 2820 unum

180 2879 293 2921 versum
321 2861 411 2933 Attii,
442 2882 500 2921 non
533 2864 569 2922 ad
601 2863 849 2942 complectendum
878 2883 961 2923 usum
990 2865 1155 2926 universum
1186 2865 1323 2926 vocabuli

179 2985 297 3040 namen,
321 2973 501 3048 quapropter
522 2986 581 3026 non
604 2969 688 3029 video
712 2965 861 3047 equidem,
884 2987 941 3047 quo
966 2967 1028 3028 iure
1051 2969 1175 3050 originis
1191 2970 1322 3049 disputa·

180 3073 262 3131 tione
292 3071 399 3130 abusos
427 3071 535 3130 dixerit
561 3069 782 3142 Lachmaunus,
813 3072 861 3151 qui
887 3073 915 3131 id
947 3092 1050 3132 nomen
1078 3073 1114 3132 de
1143 3081 1222 3133 motu
1246 3076 1322 3134 acci·

166 3178 271 3258 piant.
301 3177 387 3240 bum
411 3183 506 3235 autem
526 3177 673 3236 sententia
696 3197 830 3238 versuum
861 3175 1105 3239 Lucretianorum
1134 3178 1222 3258 plane
1252 3200 1321 3240 con·

181 3282 273 3362 spiret
294 3301 358 3340 cum
382 3281 580 3362 originatione
603 3283 665 3340 eius
688 3281 786 3352 vocis,
814 3291 866 3340 aut
894 3283 1045 3341 credemus
1073 3283 1248 3342 testimoniis
1270 3301 1321 3343 co·

179 3387 291 3462 dicum,
314 3392 367 3446 aut
389 3395 485 3445 actum
511 3388 568 3446 erit
589 3387 618 3444 in
641 3387 782 3446 eiusmodi
806 3388 903 3447 causis
926 3388 962 3446 de
983 3387 1041 3446 fide
1064 3388 1165 3447 borum
1189 3389 1319 3448 testium.

180 3492 275 3564 Adue,
298 3491 376 3572 quod
398 3491 525 3564 librarii,
549 3492 598 3572 qui
621 3512 735 3551 carmen
753 3493 883 3577 Lucretii
899 3493 935 3551 ad
951 3500 1088 3571 posteros
1104 3502 1320 3575 propagarunt,

180 3598 330 3678 cognitum
354 3596 520 3656 babuerunt
541 3597 711 3657 vocabulum
736 3617 844 3656 momen
860 3597 954 3677 iisque
968 3597 1056 3668 locis,
1080 3598 1126 3657 ubi
1149 3575 1225 3676 apud
1242 3600 1320 3660 bunc

179 3710 295 3782 poetam
320 3702 440 3782 legitur,
463 3702 608 3783 integrum
632 3712 796 3775 servarunt,
819 3722 942 3783 quorum
965 3703 989 3762 si
1013 3722 1070 3782 qua
1092 3703 1320 3782 deprehendere·

180 3809 296 3868 turbis
319 3807 393 3866 locis
416 3807 570 3879 titubatio,
602 3808 690 3868 etiam
713 3808 820 3867 ceteris
843 3808 997 3867 titubatum
1020 3827 1087 3866 esse
1109 3806 1196 3866 facile
1219 3809 1319 3870 crede·

180 3933 250 3973 rem.
294 3912 376 3971 Nunc
400 3912 498 3972 eadem
532 3913 699 3972 constantia
727 3920 758 3972 et
780 3932 890 3971 momen
913 3919 943 3970 et
965 3930 1065 3970 mamea
1094 3913 1155 3971 suis
1183 3914 1321 3994 quodque

181 4017 255 4078 locis
285 4017 484 4098 prodiderunt.
538 4016 671 4097 Denique
707 4026 789 4076 certo
822 4015 986 4075 discrimine
1021 4035 1129 4074 momen
1158 4024 1189 4077 ct
1217 4037 1321 4077 namen

181 4121 257 4183 dixit
277 4123 443 4192 Lucretius,
467 4122 539 4181 illud
561 4130 613 4180 aut
635 4123 671 4180 de
693 4132 797 4183 certo
822 4129 947 4192 motu,
971 4124 1000 4192 2,
1025 4121 1103 4180 220:

311 4247 383 4306 216.
408 4245 481 4304 lllud
503 4245 531 4304 in
554 4245 599 4303 bis
620 4264 735 4324 quoque
758 4252 789 4303 tc
810 4241 896 4302 rebus
918 4260 1101 4324 cognoscere
1123 4259 1252 4311 avemus,

403 4352 536 4432 Corpora
558 4369 623 4409 cum
645 4350 780 4409 deorsum
800 4356 911 4407 rectum
933 4365 986 4424 per
1007 4348 1092 4404 inane
1113 4344 1260 4415 feruntur,
