2960 4898
236 277 279 338 50
662 267 781 334 l‘bilippi
800 265 937 334 Wagneri

233 428 283 509 plo
306 423 473 498 detestabili
493 419 614 494 monitis
636 420 827 480 conveniebat
849 421 970 481 inrisam
1001 439 1068 480 esse
1091 439 1201 480 amaena
1232 417 1375 490 nubilem3

236 529 318 609 etqui
341 545 456 608 genus
478 523 591 604 quidem
614 521 769 584 femineum
793 523 999 602 complectitur
1020 524 1107 582 ctiam
1134 531 1260 593 matres,
1292 543 1375 582 soro·

236 654 296 703 res,
319 640 476 712 cognatas,
500 626 616 699 aflines,
640 646 712 706 quas
736 628 829 706 quivis
852 629 940 707 paulo
963 627 1145 686 tolerabilior
1166 627 1253 685 bomo
1277 643 1377 685 amare

236 746 268 798 at
290 736 389 796 colere
410 733 572 795 consuevit.
629 731 776 798 Quocirca
799 740 911 791 tantum
937 733 1034 804 abest,
1063 731 1187 790 utillud
1210 749 1269 788 ooo
1292 733 1378 787 orode

237 859 319 901 omos
340 840 397 901 vina
418 833 748 915 sententiseiafringet,
771 843 804 893 ut
829 836 897 894 nibil
913 855 979 894 esse
995 835 1089 914 possit
1102 835 1233 915 grauius.
1279 835 1379 916 Signi·

237 943 309 1003 ficat
332 948 421 1020 poeta
450 959 508 1000 non
541 938 640 1012 mirum
663 936 812 1008 futurum,
844 939 868 996 si
892 939 1017 998 Traiani
1049 939 1117 999 odio
1146 936 1319 998 feminarum
1344 957 1380 996 eo
1459 927 1460 1004 ᾗ

243 1047 454 1129 provehantur,
476 1051 509 1102 ut
532 1062 591 1101 aaa
615 1041 709 1101 solum
731 1041 845 1120 puellas
869 1043 1002 1115 aderint,
1023 1043 1074 1102 sed
1096 1063 1188 1122 prope
1211 1043 1379 1103 uuiversum

241 1169 337 1234 genus
366 1147 556 1216 feminarum,
598 1152 706 1202 matres
738 1164 854 1224 quoque
884 1154 1056 1226 ceterosque
1088 1147 1220 1206 maximis
1252 1147 1381 1207 vinculis

242 1253 471 1337 propinquitatis
494 1250 675 1309 coniunctas.
720 1249 809 1327 lmpie
832 1259 927 1310 autem
950 1252 1067 1310 locutus
1081 1252 1230 1312 rideretur
1245 1252 1381 1320 Turnus,

243 1361 268 1420 ri
292 1358 407 1418 omissis
431 1354 582 1436 particulis
597 1355 746 1410 modooeo
763 1373 847 1414 amne
862 1375 956 1436 genus
970 1355 1135 1427 femineum,
1158 1356 1239 1414 nulla
1262 1356 1381 1414 omnino

243 1469 369 1540 excepta
391 1460 509 1528 femina,
544 1455 687 1515 Troianis
709 1455 776 1514 odio
800 1476 866 1517 esse
889 1459 993 1519 debere
1015 1460 1135 1519 diceret.
1159 1494 1202 1504 --
1245 1460 1382 1539 Denique

245 1568 345 1628 eodem
368 1584 456 1626 versu
479 1582 541 1638 cum
565 1581 618 1640 per
638 1580 671 1618 se
694 1567 725 1619 et
744 1565 866 1634 perosis,
896 1565 972 1641 quod
996 1563 1086 1624 edidit
1108 1565 1317 1646 Ladawigias‚
1352 1574 1383 1623 et

242 1690 368 1747 perosos,
391 1669 467 1748 quod
491 1674 591 1727 servat
613 1664 771 1742 llauptius‚
794 1674 875 1724 stare
896 1669 1009 1747 possit,
1032 1670 1098 1741 bac,
1118 1689 1242 1743 perosos,
1276 1677 1311 1728 ut
1332 1690 1382 1749 po·

247 1777 323 1836 tiore
346 1773 525 1832 auctoritate
546 1770 669 1829 bledicei
693 1776 723 1827 et
739 1768 777 1828 fr.
793 1771 926 1830 Vaticani
941 1775 1089 1846 munitum,
1113 1794 1170 1833 noa
1193 1775 1383 1834 dimittemus.

332 1879 405 1936 Aen.
428 1880 458 1948 9,
482 1877 554 1936 360.
600 1876 733 1949 cloquio,
759 1875 866 1933 Tiburti
889 1879 999 1936 timulo
1022 1882 1169 1936 ditissimus
1191 1881 1256 1936 olim

604 1978 680 2049 Qoue
701 1981 784 2036 mittit
805 1983 889 2053 dano,
912 1983 1029 2055 bospitio
1052 2001 1113 2040 cum
1134 1983 1385 2058 iuoyerctcbseos,
1461 1997 1462 2034 l

601 2085 753 2153 Coedicos5
774 2085 821 2141 ille
842 2105 891 2142 suc
913 2091 1036 2144 moriens
1058 2090 1108 2145 dot
1127 2089 1231 2146 babere
1251 2091 1362 2160 nepoti3

582 2186 822 2245 *postmortem
845 2188 921 2248 bello
946 2191 1046 2250 Rutuli
1069 2210 1227 2272 pugnoque
1249 2191 1348 2270 potiti.

337 2294 444 2354 Vocari
466 2311 579 2353 versum
604 2292 665 2350 363
689 2291 716 2349 in
741 2295 861 2366 νοθείας
889 2281 1098 2373 suspitionem,
1122 2277 1231 2375 asper
1253 2295 1322 2355 mibi
1346 2297 1386 2354 iu·

250 2401 371 2460 cundum
396 2397 462 2467 fuit,
485 2395 715 2476 quadratianus
738 2417 816 2458 meos
839 2399 873 2458 ab
896 2401 1011 2462 homine
1033 2402 1185 2462 admodum
1206 2401 1322 2460 subtilis
1346 2401 1387 2460 iu·

251 2507 332 2576 dicii,
355 2501 489 2562 Carula
512 2500 632 2571 Tbiel,
656 2502 765 2579 optimo
795 2503 1021 2586 doctissimaque
1043 2508 1204 2584 interprete
1227 2505 1385 2576 Aeneidos,
1462 2557 1463 2588 p

251 2608 455 2689 comprobatas
476 2604 543 2664 vidi.
592 2605 781 2684 luodewigius
803 2618 892 2688 atque
913 2610 1057 2690 Hauptiur
1078 2617 1265 2670 removerunt
1287 2609 1389 2668 stella·
1462 2647 1463 2662 ι

252 2718 308 2776 lam
332 2735 350 2773 a
370 2732 414 2771 me
437 2709 609 2790 appositam.
661 2710 699 2768 at
720 2710 910 2793 Ladewigius
938 2715 1051 2794 quidem
1081 2714 1154 2773 satis
1182 2714 1282 2773 babuit
1304 2716 1388 2773 sebo-

252 2821 313 2880 lion
338 2816 433 2878 Servii
455 2814 575 2872 laudare
598 2822 807 2894 praetereaque
830 2817 902 2876 baec
924 2818 1065 2878 adiicere:
1095 2821 1176 2894 „Post
1202 2829 1317 2876 mortem
1341 2839 1389 2878 ne·

254 2925 332 3006 potis
355 2919 504 2989 scilicet”,
532 2918 560 2976 id
588 2919 664 2997 quod
687 2919 728 2976 ait
751 2929 856 3000 sponte
884 2921 1021 3003 intelligi.
1075 2924 1116 2983 At
1146 2924 1194 3004 qui
1221 2925 1389 2984 examinare

253 3028 390 3098 vuluerit,
412 3022 611 3105 praescripsi
633 3043 669 3083 eo
692 3024 759 3082 loco
779 3027 809 3083 in
831 3026 914 3085 Vorr.
937 3028 1052 3098 Lecta,
1073 3027 1180 3098 facile,
1204 3027 1325 3106 opinor,
1349 3029 1389 3087 iu-

254 3133 373 3213 telliget
402 3129 521 3188 multum
553 3127 671 3199 abesse,
702 3136 735 3187 ut
762 3129 813 3188 illa
842 3129 973 3190 refutata
995 3152 1012 3190 a
1034 3132 1208 3212 Ladewigio
1230 3133 1390 3196 existimet.

256 3235 314 3295 Sed
337 3243 433 3293 tamen
453 3238 548 3289 restat
570 3230 668 3308 aliqua
688 3232 766 3291 ratio
790 3234 933 3306 noudum,
957 3236 1034 3314 quod
1057 3237 1163 3306 sciara,
1193 3254 1393 3314 equaquam,

258 3341 313 3401 nisi
343 3337 422 3397 forte
452 3335 487 3394 ab
509 3335 654 3413 llsuptio,
684 3337 898 3409 animadversa,
933 3359 989 3419 qua
1017 3341 1094 3399 bunc
1121 3359 1236 3400 versum
1259 3339 1392 3421 Vergilio

256 3444 403 3508 vindicare
432 3439 530 3497 liceat.
587 3439 781 3499 intolerabilis
809 3442 883 3500 enim
905 3443 956 3502 illa
978 3445 1146 3516 scabritia,
1178 3463 1262 3523 quarn
1292 3445 1393 3523 depre-

257 3548 343 3609 beudi
365 3545 494 3604 dixeram
518 3543 546 3601 ia
575 3543 640 3602 istis
663 3549 804 3615 „morieos
829 3590 835 3604 .
860 3590 867 3604 .
891 3589 898 3604 .
924 3551 985 3606 Post
1010 3545 1149 3620 mortem”‚
1178 3549 1245 3607 tolli
1271 3551 1393 3629 poterit,

259 3654 283 3712 si
306 3649 395 3712 verba
417 3651 479 3705 Post
499 3658 615 3705 mortem
637 3667 695 3706 noa
718 3649 754 3708 ad
776 3660 922 3729 nepotem,
945 3654 996 3714 sed
1018 3654 1054 3712 ad
1072 3651 1224 3712 (leodicum
1247 3654 1395 3731 pertinere

259 3753 470 3816 arbitrabimur.
515 3750 602 3816 Quod
624 3752 764 3813 siveram
782 3763 838 3828 est,
861 3757 917 3816 hoc
930 3759 1001 3816 dicit
1015 3764 1119 3837 poeta:
1142 3757 1306 3828 „Caedicus
1328 3777 1394 3818 cum

259 3864 288 3921 ia
310 3879 346 3918 eo
368 3865 449 3916 esset
469 3865 503 3915 ut
525 3863 706 3927 moreretur,
736 3856 815 3916 dedit
843 3861 899 3919 boe
928 3861 1074 3942 cingulum
1102 3861 1202 3940 nepoti
1231 3879 1302 3932 suu,
1331 3862 1395 3934 sed,

259 3972 413 4045 postquam
436 3968 568 4018 mortuus
591 3967 651 4030 est,
681 3961 760 4020 uenit
787 3962 815 4020 id
845 3965 991 4046 cingulu-
1021 3967 1050 4024 ia
1072 3972 1249 4045 potestatem
1271 3965 1394 4025 Rutulu-

261 4089 334 4139 rum,
358 4067 406 4146 qui
428 4084 515 4125 caesa
538 4063 567 4123 iu
590 4082 690 4146 pugna
713 4076 820 4145 nepote
838 4069 954 4130 Caedici
977 4091 1012 4130 eo
1036 4072 1122 4151 potiti
1145 4069 1242 4128 sunt’'.
1286 4070 1394 4129 llarum

260 4177 289 4234 in
313 4172 450 4254 gratiam,
472 4169 521 4250 qui
543 4169 617 4228 banc
639 4167 720 4229 λύσιν
741 4172 875 4248 probant,
898 4193 973 4234 uuae
994 4185 1025 4236 et
1047 4177 1109 4255 ipse
1131 4174 1214 4233 darno
1237 4173 1394 4234 stellulam.

350 4277 421 4335 Aen.
431 4277 460 4346 9,
470 4277 542 4335 403.
587 4275 661 4334 402.
685 4276 768 4332 Ocius
790 4281 910 4339 adducta
931 4289 1061 4356 torqueor
1083 4279 1183 4337 barlile
1202 4279 1309 4336 lucem

586 4381 659 4440 403.
682 4384 841 4454 Suspirisos
857 4386 1067 4448 ulmmtuonos,
1085 4384 1168 4440 etsta
1179 4393 1396 4454 acceptaretur.
