2940 4894
230 230 295 294 102
659 225 781 293 Philippi
796 225 934 294 wagan

233 384 427 445 Oeconomico
449 383 618 463 Xenophon
646 403 665 442 a
688 381 863 442 casaubono
891 379 1045 438 laudatusr
1075 377 1133 451 „ol
1152 374 1325 456 ἐμπλέοντες
1350 371 1384 438 ἒν

231 489 310 562 τάξει
338 492 392 570 μὲν
419 491 612 566 sabiacus,
644 482 675 548 ἒν
704 485 784 559 τάξει
816 482 1150 564 dispondeum,
1186 480 1216 542 ἒν
1237 480 1321 554 τάξει
1348 477 1382 542 d⁰

232 591 467 668 connumeror?
503 613 556 654 nec
576 590 719 669 Polybius
750 591 785 650 de
815 589 873 648 alio
901 589 1003 649 ordine
1032 588 1172 669 loquitur.
1226 587 1303 647 Nihil
1331 587 1386 646 bic

232 702 269 760 de
291 701 493 761 stantibus
516 697 685 778 remigibus.
731 696 818 762 Quod
840 701 937 754 autem
954 690 1241 754 duantmrwllraeci
1264 692 1386 763 dicunt,

231 805 368 865 Lucanas
392 807 421 877 3,
445 806 506 864 543
530 804 605 862 dixit
627 808 657 860 ia
679 812 805 862 ινοιιοινο
823 790 935 877 cadara,
958 819 1020 858 cum
1045 818 1137 879 caque
1159 818 1192 858 re
1209 798 1386 878 coniungit,

231 917 265 969 ut
287 929 376 988 supra
398 909 530 979 vidimus,
554 927 649 966 remos
675 907 711 966 ad
734 912 837 984 pectas
860 905 1017 976 adductos,
1050 905 1286 984 quemadmodum
1310 923 1386 962 cum

232 1009 402 1074 ἀναπίπτειν
423 1013 565 1091 Polybius
594 1007 626 1072 cb
648 1007 692 1094 ip?
716 1007 820 1083 αὖτοὺς
843 1009 923 1089 ἄγειν
951 1006 1002 1082 τὰς
1019 1012 1137 1092 χεῖρας,
1169 1017 1274 1068 contra
1296 1009 1387 1088 qnod

234 1118 277 1179 illi
299 1116 458 1199 προνεύειν,
483 1117 547 1176 Val.
570 1115 616 1176 Pl.
641 1121 669 1186 l,
693 1117 755 1176 too
779 1113 849 1173 dicit
871 1119 1019 1190 inserpere
1041 1118 1181 1173 ινοποινιο.
1237 1113 1387 1172 Ceterum

233 1221 316 1281 multi
338 1231 403 1282 arat
426 1221 549 1292 laboris,
583 1239 680 1280 remos
703 1219 778 1278 istos
801 1219 982 1299 praelongos
1005 1238 1172 1298 gravesque
1193 1237 1297 1278 rursus
1323 1219 1386 1278 cir·

234 1348 391 1410 ermagora
414 1327 504 1408 (quae
526 1335 661 1387 reserat
690 1326 739 1388 τοῦ
769 1322 858 1386 πάλιν
879 1322 1083 1406 προνεύονιος)
1113 1325 1199 1404 idque
1226 1326 1409 1406 protentis!

233 1433 363 1492 manibus
387 1429 582 1513 (ἐξωθοῦντες
610 1425 662 1503 τὰς
678 1426 795 1511 χεῖρας)
830 1437 861 1489 et
893 1429 1073 1488 incumbente
1106 1437 1195 1508 atque
1223 1428 1386 1488 adnitente

233 1554 358 1617 corpore
379 1527 544 1609 faciebant3
574 1535 651 1615 qnod
684 1535 776 1615 ipsum
805 1532 881 1592 haud
904 1533 966 1593 reio
989 1554 1026 1593 an
1049 1533 1141 1592 multo
1165 1533 1267 1592 melius
1289 1551 1308 1592 a
1334 1553 1384 1592 sa·

233 1641 331 1713 dente,
354 1660 439 1721 qnam
461 1660 479 1699 a
501 1648 600 1700 stante
621 1639 687 1701 lieri
709 1639 849 1719 potuerit.

319 1746 393 1806 Aen.
415 1748 446 1818 b,
469 1747 543 1804 706.

321 1851 395 1910 7011.
421 1853 486 1908 Pam
512 1853 609 1908 senior·
631 1851 741 1924 aanor,
762 1869 847 1910 uuam
871 1851 1000 1908 Tritonia
1022 1849 1113 1906 Pallas

364 1956 394 2013 5.
418 1957 503 2028 (laem
525 1957 621 2014 docuit
642 1957 779 2031 multaque
802 1959 939 2030 iosiqaem
960 1955 1086 2011 reddidit
1107 1962 1170 2010 arta
1191 1983 1233 1998 -—

311 2060 341 2119 6.
365 2063 394 2120 7.
418 2061 498 2120 llaec
519 2079 654 2135 responso
675 2060 769 2134 dabat,
875 2077 946 2134 quac
965 2062 1091 2132 fatorum
1103 2069 1234 2133 posceret
1248 2061 1322 2119 ordo
1340 2093 1379 2104 -·

307 2198 321 2224 ο
363 2167 394 2224 8.
416 2166 497 2240 Isqtiss
519 2207 576 2224 ι...
597 2167 669 2237 illm.

233 2271 296 2327 Hac
316 2273 411 2346 (arte)
432 2287 567 2342 responsa
589 2269 675 2327 dabat
695 2267 886 2346 Ladewigius
910 2266 1028 2345 scripsit
1050 2267 1205 2326 secundum
1228 2269 1381 2331 coniectu·

232 2393 312 2446 ram,
343 2392 428 2452 quam
449 2371 618 2432 Dietscbius
640 2372 668 2430 in
690 2371 843 2452 praeclara
865 2371 1073 2431 dissertatione
1096 2373 1132 2432 de
1154 2372 1381 2456 Theologume-

234 2477 279 2536 nis
301 2476 480 2557 Vergilianis
502 2496 572 2556 pag.
597 2477 638 2536 28
661 2476 824 2556 proposuit.
870 2475 1014 2555 llauptius
1037 2475 1159 2536 retinnit
1180 2478 1262 2551 baec,
1295 2482 1378 2560 quod

235 2581 402 2642 femininum
424 2589 480 2654 est,
503 2582 628 2642 relatam
650 2582 687 2641 ad
705 2581 874 2654 Palladem3
898 2581 933 2640 ad
957 2581 1031 2640 banc
1053 2581 1128 2640 anim
1151 2582 1267 2643 verbum
1291 2587 1382 2646 ἀοὸοι

235 2688 379 2767 pertinet,
411 2689 446 2748 ad
469 2689 585 2748 Nanten
608 2689 755 2768 pertinere
778 2708 835 2746 non
859 2694 969 2766 potest.
1021 2687 1060 2746 At
1093 2693 1185 2767 negat
1206 2686 1379 2750 Dietscbius

234 2793 271 2851 de
293 2792 417 2851 Pallade
439 2793 497 2852 ista
519 2792 575 2852 dici
598 2793 747 2872 potuisse,
771 2791 839 2871 quia
862 2792 1011 2850 constanti
1034 2810 1088 2851 usu
1111 2792 1141 2864 ii,
1165 2793 1214 2872 qui
1236 2795 1380 2856 vaticinia

235 2906 360 2968 canant,
394 2916 451 2955 non
484 2897 532 2977 qni
563 2896 639 2956 alios
670 2915 776 2955 canere
799 2896 942 2967 doceant,
973 2915 1115 2974 responsa
1137 2896 1208 2956 dare
1230 2897 1378 2962 dicantur.

235 3002 311 3069 auid
340 3001 456 3081 igiturl
486 3019 553 3059 num
575 3001 726 3060 Palladem
756 3000 922 3060 consulenti
944 3001 1060 3060 Nautae
1086 3020 1230 3080 responsa
1260 3003 1380 3066 dedisse

235 3106 426 3186 negabimus?
470 3107 607 3186 Repones
634 3106 783 3166 fortasse:
825 3105 929 3165 Pallas
959 3105 985 3164 si
1014 3105 1129 3166 Nauten
1151 3116 1245 3166 artem
1274 3109 1377 3170 vatici·

234 3213 322 3272 nandi
346 3212 456 3283 docuit,
480 3213 547 3293 quid
570 3221 649 3283 erat,
673 3231 763 3293 quare
785 3232 850 3271 eam
872 3211 976 3271 iterum
999 3212 1162 3292 iterumque
1183 3214 1379 3277 consulereti

236 3317 357 3377 Scilicet
379 3318 408 3375 in
431 3319 487 3377 boc
510 3319 575 3397 ipso
598 3327 644 3376 est
668 3317 761 3377 omnis
785 3336 886 3390 error3
910 3317 978 3396 quid
1001 3317 1074 3376 enim
1098 3326 1188 3396 poeta
1210 3319 1296 3391 dixit,
1320 3322 1377 3382 nisi

233 3425 306 3483 boc:
338 3423 481 3483 eruditum
512 3443 578 3482 esse
599 3423 715 3484 Nauten
747 3423 782 3482 ab
807 3423 922 3482 erudita
944 3424 1018 3493 dea,
1048 3423 1210 3502 sapientem
1232 3425 1377 3487 redditum

235 3548 253 3587 a
275 3527 415 3606 sapienti,
447 3536 536 3606 atque
559 3527 593 3586 ab
617 3527 716 3587 eadem
739 3527 767 3586 in
794 3526 880 3586 rebus
903 3526 1026 3586 maxime
1048 3526 1141 3585 dubiis
1163 3547 1307 3606 responsa
1329 3551 1377 3591 ac·

236 3632 371 3710 cepissel
415 3612 611 3692 ¹Servabirnur
642 3632 752 3718 igitur,
787 3632 863 3711 quod
895 3632 1045 3703 edidimus,
1085 3634 1179 3703 Hace,
1211 3651 1375 3715 versusque

235 3737 298 3798 706
331 3744 361 3795 et
387 3737 450 3796 707
487 3739 684 3818 παρειθέιοος
714 3738 953 3797 existimabimus.
1011 3735 1181 3796 Dietscbiue
1212 3745 1275 3798 not.
1297 3742 1377 3802 2¹2:

236 3841 344 3915 ,tiluod
373 3847 443 3920 post
472 3841 693 3920 interpositam,
725 3843 784 3915 ait,
815 3843 982 3923 longiorem
1004 3841 1377 3920 parenthesinsnbiectum

234 3949 336 4005 Nautes
366 3963 419 4024 per
440 3947 517 4019 isque
538 3946 705 4038 ¹repetitur,
731 3947 936 4007 anacoluthiae
957 3965 1053 4029 genus
1072 3947 1133 4007 tale
1157 3955 1222 4019 cst,
1258 3948 1287 4008 in
1316 3969 1375 4031 qno

235 4072 319 4113 nemo
340 4050 442 4110 merito
467 4049 607 4110 offendat.
652 4051 763 4134 Wagn.
782 4053 905 4119 (incest.
926 4052 1015 4134 Verg.
1037 4053 1173 4125 XXXV,
1198 4052 1250 4114 9.”

322 4158 396 4219 Aen.
419 4159 450 4231 o,
473 4160 547 4218 898.

401 4266 474 4323 891.
499 4266 573 4322 licia
604 4263 674 4320 bella
701 4264 763 4320 ciro
791 4271 929 4320 οιοιπονοι
953 4280 1024 4338 quaa
1045 4264 1147 4322 driade
1168 4267 1294 4339 peranda
1316 4273 1373 4326 etc.

397 4369 470 4431 894.
559 4372 629 4428 Sunt
648 4370 776 4443 peninar
797 4367 893 4424 Somni
911 4374 1092 4450 portaepeta.
