2960 4898
227 239 272 304 40
666 241 941 327 Philippi'Wagncri

226 395 394 458 ostendito
418 396 500 457 Verr.
524 397 621 457 Lectt.
674 397 777 476 ltaque
808 397 884 458 nalo
907 395 1045 480 vestigiis
1066 399 1189 460 Medico
1210 399 1376 462 inhaerens

226 501 354 562 retinere
378 503 453 574 Ouio.

270 606 342 666 Aen.
364 608 396 679 b,
419 608 492 666 ret.
712 607 774 664 lton
798 621 842 663 nc
863 608 950 680 impio
973 620 1093 680 comae

515 725 517 735 ·
539 711 660 766 Tcrlcro
683 709 786 767 hobeot
805 708 944 770 tristeeve
966 709 1091 768 umbrae.

225 816 368 888 tristesque
390 813 581 895 Ladewigius
603 814 815 888 cantobrio,
837 814 982 896 Hauptius
1002 817 1144 884 tristare,
1175 812 1218 874 uti
1242 831 1294 874 me
1319 813 1378 874 edi·

226 918 304 978 disse
327 919 453 979 nondum
474 920 614 1000 paenitet.

311 1023 384 1083 Aen.
408 1027 438 1097 5,
462 1028 534 1085 768.
580 1027 659 1098 lpscc
680 1027 737 1080 tom
760 1031 878 1095 moues,
901 1024 964 1095 ipsi,
987 1021 1083 1096 quibus
1104 1041 1206 1096 aspero
1228 1025 1378 1097 quotidem

581 1129 647 1185 Viso
669 1130 758 1184 morie
772 1130 864 1200 socies
886 1135 913 1183 et
934 1145 991 1183 ooo
1012 1127 1157 1182 tolerabile
1180 1143 1301 1185 numen.

225 1251 325 1290 nomen
347 1231 539 1312 hadewigius
563 1251 626 1292 cum
650 1231 770 1302 lahnio,
793 1231 861 1290 item
885 1227 1040 1309 Hauptius.
1063 1248 1164 1286 oumeo
1188 1230 1378 1290 commenda-

226 1347 275 1396 tur
296 1337 475 1396 auctoritate
498 1337 650 1409 codicum,
672 1355 773 1394 nomeu
796 1341 843 1396 est
866 1355 884 1393 a
906 1355 950 1413 pr.
974 1352 1058 1392 manu
1081 1334 1110 1393 in
1133 1333 1286 1406 Mediceo,
1313 1355 1377 1394 cor-

224 1449 334 1502 rectum
356 1443 391 1501 eb
414 1443 509 1502 altera
531 1461 651 1513 nomem
674 1453 828 1521 praeterea
851 1460 867 1498 c
890 1439 969 1499 nullo
989 1439 1062 1498 libro
1078 1447 1228 1499 enotatum
1252 1441 1376 1520 reperio

223 1567 334 1608 comeo.
380 1549 499 1630 Negant
529 1547 601 1607 mari
632 1548 718 1606 tribui
749 1566 864 1606 numen.
910 1546 998 1626 Atqui
1028 1546 1107 1605 inter
1132 1547 1203 1604 deos
1234 1554 1377 1607 numerat

223 1651 306 1712 Marc
328 1652 437 1732 Hygin.
460 1649 519 1712 fab.
542 1649 686 1730 praefat.:
733 1651 799 1722 „Ex
823 1651 950 1710 Aethere
973 1656 1003 1709 et
1025 1647 1080 1710 Die
1101 1651 1212 1722 Terra,
1236 1651 1376 1723 Caelum,

223 1753 363 1827 Mare,”
385 1763 415 1815 ct
438 1756 526 1835 paulo
546 1762 615 1835 post
636 1755 704 1828 „Ex
718 1753 816 1815 Ponto
830 1753 966 1816 etlilari
978 1753 1163 1814 Oceanitides
1174 1751 1202 1813 :”
1225 1747 1267 1814 cf.
1285 1757 1375 1815 etiem

224 1861 345 1921 [lucian.
368 1859 446 1920 Dial.
462 1880 533 1921 mar.
552 1865 599 1920 ll.
633 1861 698 1921 Uno
723 1859 865 1922 vocabulo
888 1859 1004 1918 Maris
1027 1847 1232 1938 complectitur
1252 1859 1375 1920 numina

224 1966 335 2024 marina
357 1964 506 2045 Vergilius
532 1967 672 2048 milli.
716 1965 756 2025 At
778 1963 892 2024 nefarie
914 1963 1014 2023 faeere
1037 1965 1079 2022 ait
1093 1963 1301 2044 Ladcwigius,
1326 1963 1375 2044 qui

224 2089 328 2129 nornen
351 2070 449 2130 dicant
465 2069 741 2143 intolerabile;
764 2087 830 2128 num
843 2069 937 2148 igitur
947 2067 1093 2140 nefarius,
1109 2076 1143 2128 ut
1152 2077 1267 2129 taceam
1284 2069 1374 2141 aiios,

223 2171 377 2246 Tibullus,
406 2173 454 2254 qui
477 2173 611 2234 crudeles
634 2173 725 2246 deoc,
749 2169 851 2252 ὠμοὺς
873 2169 1036 2251 δαίμονας,
1067 2175 1198 2254 appellat
1224 2177 1251 2248 1,
1277 2181 1310 2248 d,
1333 2175 1372 2234 35

223 2278 437 2354 „Crudeles
461 2276 530 2352 divi,
553 2299 674 2359 serpens
695 2298 789 2340 novus
813 2277 896 2337 exuit
911 2297 1018 2338 annor:
1052 2279 1178 2352 Formae
1198 2299 1254 2339 non
1280 2281 1373 2340 ullam

221 2383 286 2445 fata
309 2384 414 2444 dedere
438 2383 583 2457 moram”;
607 2381 676 2444 item
699 2385 762 2463 ipae
786 2383 898 2464 Vergil.
921 2383 983 2442 lici.
1007 2388 1037 2455 5,
1062 2387 1113 2444 23.
1159 2384 1246 2452 Quod
1270 2393 1372 2446 antem

222 2490 340 2569 proprie
362 2489 418 2548 dici
441 2496 559 2568 poterat
581 2489 610 2547 in
626 2507 670 2560 re,
691 2489 738 2548 cui
760 2487 832 2548 deue
855 2489 945 2568 aliqui
968 2495 1096 2567 praeest,
1119 2507 1172 2548 cur
1193 2509 1252 2549 non
1270 2489 1374 2550 licebit

223 2595 259 2654 ad
282 2595 376 2672 ipsum
398 2591 532 2652 referret
577 2593 620 2653 Ac
643 2594 668 2654 si
692 2593 769 2673 quod
794 2612 896 2652 numen
920 2594 993 2652 edeo
1017 2612 1135 2655 noevum
1159 2603 1224 2665 est,
1248 2605 1281 2655 ut
1307 2596 1371 2655 ciue

221 2700 295 2771 vim,
318 2697 344 2758 ei
367 2699 480 2778 poesie,
504 2717 621 2778 quoquo
645 2699 730 2758 modo
754 2700 849 2759 vitare
872 2699 973 2770 malie,
1005 2698 1103 2778 quidni
1127 2699 1206 2759 dices
1228 2700 1370 2761 intolera-

172 2835 175 2842 1
222 2805 296 2863 bilel
340 2805 404 2864 Hoc
437 2804 586 2863 acciderat
617 2804 653 2863 iis
676 2804 837 2883 quondam,
873 2804 921 2884 qui
949 2804 1064 2883 experti
1087 2805 1174 2863 moris
1197 2805 1369 2866 violentiam

222 2909 381 2968 horrebant
404 2908 498 2968 denuo
522 2929 555 2968 ee
580 2909 607 2968 ei
630 2909 821 2968 committere.
856 2909 998 2989 lienique,
1022 2909 1048 2968 sl
1071 2910 1116 2968 cui
1131 2910 1258 2968 nondum
1274 2911 1370 2970 omnis

222 3023 358 3092 exempta
382 3013 422 3072 sit
444 3013 597 3085 dubitatio,
621 3014 689 3093 quid
711 3021 794 3075 vetat
811 3033 915 3074 numen
931 3013 1115 3074 intolerabile
1131 3015 1159 3073 h.
1175 3013 1194 3074 l.
1210 3032 1276 3075 esee
1292 3013 1369 3076 dou-

220 3117 380 3189 πόσταιον,
405 3117 434 3176 in
457 3135 515 3196 quo
538 3137 575 3176 ne
596 3118 697 3176 umbra
720 3118 834 3197 quidem
864 3119 926 3178 ulla
948 3127 995 3178 est
1018 3119 1234 3179 contumelloel
1276 3121 1368 3180 Prae·

221 3229 304 3282 terea
327 3221 377 3301 qui
398 3239 499 3280 comeo
522 3229 660 3294 tuentur,
689 3221 808 3284 videent
829 3222 932 3294 velim,
962 3241 1030 3280 num
1059 3223 1115 3282 hoc
1144 3231 1225 3282 recte
1253 3224 1371 3284 dicatur

221 3328 345 3407 „quibua
368 3328 513 3406 quondam
541 3328 635 3387 visum
664 3335 711 3387 est
739 3328 827 3388 mario
857 3349 960 3388 nomen
990 3329 1220 3388 intolerabile’'‘l
1250 3331 1367 3390 verbum

220 3436 313 3492 rideri
334 3430 465 3492 refertur
488 3433 524 3491 ad
548 3433 699 3506 iudicium3
733 3440 822 3512 atque
853 3433 882 3491 in
905 3432 1011 3492 facie
1041 3433 1153 3512 quiden
1178 3434 1265 3494 morio
1289 3436 1367 3496 inve·

221 3539 302 3609 nias,
337 3538 414 3598 unde
436 3537 634 3598 coniecturam
656 3539 692 3597 dc
715 3539 778 3618 ipso
802 3537 902 3598 lacere
924 3538 1042 3617 possis,
1074 3555 1132 3598 non
1162 3538 1232 3598 item
1254 3540 1282 3599 in
1306 3559 1368 3599 no·

220 3646 333 3718 onin03
356 3665 461 3704 nomen
484 3646 572 3704 marie
594 3646 779 3707 intolerabile
802 3665 903 3717 cese,
927 3666 986 3706 non
1008 3645 1156 3717 videri,
1180 3653 1289 3725 potent.

308 3750 379 3808 Aen.
391 3751 421 3820 5,
432 3751 506 3808 821.
537 3749 689 3808 Subsident
707 3753 817 3822 coloe,
840 3755 1026 3828 tumidumque
1047 3752 1095 3808 sub
1118 3769 1174 3808 ccc
1196 3755 1306 3809 toocmi

539 3856 680 3913 Sternitur
690 3873 796 3930 aequor
805 3859 894 3931 cquis,
910 3855 1124 3936 fugiuntvasto
1140 3856 1261 3916 aethere
1271 3856 1366 3914 otmtl.

220 3959 262 4017 ita
284 3957 402 4037 scripsit
424 3957 625 4038 hedewigiue,
648 3959 775 4020 lahniun
799 3968 929 4032 secutus,
953 3979 1006 4020 nec
1020 3960 1108 4020 aliter
1122 3959 1284 4041 Hauptiuo3
1307 3977 1365 4040 ego

217 4067 382 4138 micatque
404 4080 441 4120 ec
462 4064 555 4130 octb.‚
586 4062 663 4142 quod
687 4062 716 4121 in
744 4062 809 4122 solo
832 4063 965 4124 Mediceo
987 4071 1096 4124 exstat.
1143 4065 1268 4124 Peaeum
1290 4081 1366 4124 nunc

220 4280 276 4342 eo,
300 4278 368 4332 ente
392 4271 523 4351 quintum
544 4270 646 4350 peden
669 4270 754 4332 elicio
777 4271 1020 4352 deprehenditur,
1043 4274 1149 4354 quippe
1169 4272 1255 4334 uinis
1278 4271 1364 4332 iuele·

220 4395 307 4466 gano.
343 4378 402 4440 lem
426 4377 560 4440 examine
576 4392 696 4450 mecum,
720 4376 857 4458 optimc
879 4378 1067 4450 bothoni,
1088 4379 1164 4438 benc
1186 4378 1365 4446 orationem,

220 4167 321 4249 paucis
343 4168 390 4227 hic
411 4165 548 4247 defungi:
583 4185 726 4246 nusquam
753 4167 783 4226 in
805 4175 871 4228 toto
896 4167 1028 4249 Vergilio
1052 4169 1138 4240 talio,
1170 4168 1266 4248 qualis
1296 4169 1366 4227 hacc
1449 4191 1450 4238 3
