2960 4898
232 255 275 318 38
661 250 784 319 Philippi
800 251 937 318 wigmari

229 427 282 468 cor
303 407 419 467 lahnins
442 406 588 468 simillimo
604 406 672 465 loco
693 405 805 488 Gearg.
827 408 857 478 2,
871 407 934 466 242
949 407 1072 468 retinuit
1090 407 1244 489 „Gaioque
1260 410 1376 490 praelo·

230 532 293 572 rum
315 511 439 571 fumosis
461 511 585 591 deripe
608 509 742 570 tectis”l
787 509 875 576 Quod
896 519 994 572 autem
1016 513 1059 572 ait
1081 513 1155 572 idem
1178 515 1375 593 praepositio·

231 637 296 678 uem
320 619 354 676 de
376 637 434 676 non
457 617 553 676 solum
576 614 746 696 significare
769 612 830 676 bad
844 616 872 676 iu
890 617 1071 697 compositis,
1093 618 1144 676 sed
1164 617 1375 698 adsignificare

229 723 316 782 etiem
346 718 377 782 ab
401 719 524 793 cilicos,
554 741 611 780 uon
641 728 688 780 est
715 739 750 780 ea
779 720 824 782 vis
847 722 1094 802 praepositionis,
1127 723 1179 784 sed
1201 723 1283 784 verbi
1307 743 1372 787 cum

229 836 312 888 certo
336 827 450 888 obiecta
474 826 640 898 coniuncti,
670 833 724 899 nt,
755 846 820 886 cum
849 826 914 886 dico
945 846 1030 886 canes
1063 829 1228 901 detrabere,
1257 830 1374 891 navium

227 933 336 993 mentio
358 931 447 1004 facit,
470 938 503 990 nt
526 951 576 992 eas
599 931 632 990 in
655 951 753 992 mare
775 932 852 990 trabi
875 930 1091 1012 intelligamns3
1110 931 1211 1013 itaque
1228 952 1319 1012 supra
1345 938 1373 1008 i,

228 1039 288 1096 211
312 1035 402 1098 rerba
425 1042 574 1116 „tergora
596 1036 688 1096 costis
712 1035 885 1114 deripiunt”
909 1053 966 1094 uon
989 1033 1162 1115 significent
1185 1036 1272 1108 „alio
1296 1039 1372 1118 rapi·

225 1141 314 1214 uut”,
337 1148 371 1201 ut
391 1141 455 1202 vult
476 1141 608 1212 lahnius,
637 1141 688 1200 sed
716 1141 851 1220 „raptim
877 1140 1034 1200 detrabunt
1044 1141 1072 1214 ”3
1107 1161 1190 1201 nemo
1214 1150 1312 1205 autem
1334 1163 1372 1204 eo

226 1246 294 1306 loco
317 1246 426 1305 dixerit
447 1245 674 1320 „distrabunt”;
698 1253 729 1306 et
744 1249 887 1321 deripiant
903 1247 948 1306 hic
962 1265 1078 1327 quoque
1091 1246 1247 1327 llanptius,
1272 1268 1371 1329 qnam·

228 1371 313 1432 quam
339 1351 432 1424 idern,
464 1358 619 1431 praeterea
648 1371 790 1430 nusquam
822 1351 993 1410 adsentiens
1023 1359 1182 1431 praecepto
1216 1354 1370 1426 labniano,

226 1458 325 1516 nescio
349 1475 406 1537 qua
428 1474 519 1516 causa
537 1455 660 1516 retinnit
680 1456 753 1516 Aen.
776 1458 805 1527 3,
830 1457 892 1518 267
915 1458 999 1515 litore
1017 1461 1113 1530 Ῑιιιιιιι
1135 1459 1282 1531 diripiant.
1327 1459 1371 1518 Ac

225 1562 312 1624 velim
333 1562 425 1634 scire,
455 1561 480 1620 si
511 1560 559 1641 qoi
587 1561 675 1620 dolor
696 1561 879 1632 detrahitur,
913 1580 970 1641 quo
994 1562 1020 1620 is
1044 1563 1199 1622 trabaturl
1229 1569 1282 1623 aut
1304 1583 1370 1624 cum

225 1668 403 1728 detrahimus
425 1666 525 1727 soleas
547 1666 681 1746 cuipiam,
705 1665 769 1747 quis
786 1664 987 1747 adsignificari
1002 1673 1116 1728 statuat
1131 1668 1191 1728 alio
1207 1688 1258 1728 aas
1273 1670 1370 1732 tralril

225 1776 328 1854 ltaque
340 1772 453 1853 Georg.
464 1775 494 1844 2,
504 1775 523 1832 8
534 1772 660 1832 restituo
670 1790 732 1831 cum
747 1771 876 1851 Hauptio
889 1775 1010 1847 dereptis
1027 1775 1180 1846 cedma,
1190 1773 1237 1833 ubi
1252 1776 1371 1849 direptis

225 1878 254 1937 in
278 1877 389 1936 minare
412 1876 541 1937 editione
564 1874 683 1957 scripsi3
708 1882 739 1936 et
760 1876 789 1936 in
813 1877 914 1936 eadem
936 1896 1027 1937 causa
1047 1877 1205 1958 aliquoties
1223 1878 1369 1960 obtempe-

223 2003 308 2045 rasse
329 1982 430 2042 lalsnio
454 2001 529 2042 nnnc
552 2002 596 2041 me
618 1982 760 2063 poenitet.
804 1982 877 2042 Aen.
899 1985 949 2053 to,
971 1984 1034 2042 475
1057 2001 1122 2042 cunr
1146 1984 1268 2046 Turnus
1299 2009 1369 2060 „va-

224 2090 297 2172 gina
318 2087 425 2167 deripit
447 2087 584 2158 eusem'’,
613 2085 676 2166 (ubi
705 2089 807 2161 diripit
835 2086 937 2147 scribit
958 2075 1097 2166 babnins)
1128 2108 1186 2149 uon
1217 2097 1276 2151 tam
1307 2094 1368 2154 alio

222 2195 317 2274 rapit,
341 2212 425 2273 quarn
446 2193 552 2273 raptim
576 2191 690 2264 educit,
714 2211 772 2273 qno
796 2190 847 2263 fit,
871 2198 904 2251 ut
925 2191 1020 2251 inanis
1043 2193 1226 2275 relinquatur
1247 2199 1368 2280 vagina.

223 2299 350 2360 Ponitur
371 2301 405 2356 de
427 2298 456 2357 in
479 2297 621 2358 eiusmodi
642 2297 738 2359 verbis
760 2298 820 2370 ita,
850 2303 966 2358 utrem
989 2298 1115 2379 aliquam
1137 2307 1190 2360 ant
1212 2320 1368 2384 numquam

221 2403 384 2485 repositum
406 2403 442 2464 iri
464 2401 680 2484 significemus,
716 2410 769 2462 ant
790 2404 826 2463 de
848 2423 883 2464 ea
912 2405 1081 2484 reponenda
1104 2425 1162 2463 nou
1184 2407 1314 2488 cogitari
1337 2411 1367 2470 in

220 2510 403 2591 praesentia3
433 2509 533 2589 itaque
556 2509 671 2568 decedit
692 2510 729 2568 de
750 2509 920 2588 provincia,
951 2530 1010 2569 non
1033 2509 1082 2588 qui
1102 2509 1159 2570 hoo
1180 2513 1368 2590 potissimum

221 2623 309 2697 agat,
340 2620 373 2674 ut
404 2614 464 2674 alio
486 2633 519 2673 se
541 2612 693 2686 conferat,
727 2615 779 2674 sed
809 2614 858 2695 qui
880 2622 933 2674 aut
957 2633 1110 2695 numquam
1136 2617 1284 2678 rediturus
1307 2630 1365 2694 est,

219 2721 324 2781 autin
347 2720 478 2780 discessu
499 2727 580 2778 certe
603 2740 660 2780 uon
684 2720 801 2800 cogitat
823 2719 859 2779 de
881 2720 987 2780 reditu.
1024 2719 1158 2800 Denique
1172 2723 1253 2783 nullo
1276 2728 1364 2788 modo

219 2825 356 2886 credibile
379 2832 426 2885 est
447 2824 597 2883 Romanos
619 2842 682 2883 cum
705 2822 794 2885 serbo
817 2826 944 2898 diripere
958 2822 1077 2882 tertium
1096 2832 1248 2886 sextumve
1264 2847 1364 2889 casum

219 2932 362 2992 iunxisse.
415 2931 461 2989 lix
491 2928 586 2990 verbis
617 2948 681 2989 cum
709 2933 755 2988 di·
777 2931 837 2988 dis·
862 2929 1033 3008 compositis
1057 2930 1220 2992 dativum
1243 2944 1364 3015 regunt,

219 3057 341 3120 quornm
365 3035 507 3116 simplicia
528 3042 638 3116 regunt
661 3055 726 3095 enm
748 3054 863 3106 casum,
886 3042 919 3093 ut
941 3036 1099 3116 displicere,
1123 3039 1295 3110 dissuadere,
1319 3043 1361 3100 di·

219 3145 300 3213 dere,
322 3143 474 3218 diiarpiri,
498 3141 672 3215 distribuere,
695 3160 752 3221 quo
776 3141 929 3213 accedunt,
951 3160 1029 3222 quae
1050 3140 1152 3201 similis
1178 3149 1247 3202 sunt
1269 3144 1363 3225 signi·

218 3245 382 3317 ficationis,
405 3248 569 3320 dispertire,
599 3247 742 3319 diuidere,
773 3248 971 3322 dinumerare,
998 3249 1178 3320 dispensare,
1207 3257 1363 3326 praeterea

218 3371 293 3434 quae
315 3351 478 3411 dissensum
499 3349 642 3422 iudicant,
665 3356 699 3408 ut
722 3353 895 3425 discrepare,
917 3353 1099 3421 discordare,
1127 3351 1283 3419 dissentire,
1308 3355 1361 3412 dis·

217 3461 326 3531 ridere,
349 3456 423 3516 adde
451 3459 572 3531 differre
594 3462 625 3514 et
647 3456 821 3516 adiectivum
852 3458 976 3514 diuersas
988 3452 1049 3534 12);
1082 3455 1281 3517 ablativum
1312 3459 1361 3518 ad·

142 3539 146 3564 ’
217 3564 361 3635 sciscunt,
385 3581 460 3643 quae
481 3560 666 3632 distantiam,
694 3561 934 3634 disiunctionem,
962 3561 1180 3622 distinctionem
1208 3562 1361 3638 denotant,

215 3675 250 3728 ut
272 3671 385 3741 distare,
408 3669 554 3739 dissidere,
578 3671 723 3742 divellere,
747 3670 927 3743 distinpaere.
960 3666 1064 3726 Nullus
1086 3667 1248 3728 interbaec
1263 3671 1362 3731 omnia

217 3775 301 3834 locus
323 3772 500 3853 relinquitur
520 3773 610 3835 serbo
633 3777 777 3848 diripere,
811 3792 866 3833 uec
896 3778 996 3854 potest
1024 3759 1152 3832 relicuus
1175 3793 1258 3846 esse,
1291 3776 1361 3855 quia

216 3900 252 3940 ne
274 3879 363 3941 verbo
387 3878 510 3959 simplici
533 3880 647 3959 quidem
668 3898 773 3954 rapere
802 3900 838 3941 ea
860 3878 962 3939 subeat
986 3878 1049 3950 ris,
1080 3884 1114 3937 ut
1143 3876 1271 3939 dativum
1305 3881 1359 3941 sibi

216 3985 377 4065 adiungere
399 3984 510 4064 possit3
533 4004 599 4043 nam
623 3983 713 4043 sicubi
735 3982 817 4044 forte
838 3985 864 4044 is
888 4003 974 4044 casus
990 4003 1054 4043 curn
1069 4004 1105 4045 eo
1122 3984 1288 4064 copulatur,
1311 3995 1359 4046 est

215 4091 240 4150 is
263 4090 379 4150 dativus
402 4088 451 4170 qui
473 4088 580 4148 dicitur
601 4088 784 4149 incommodi.
844 4089 883 4148 At
910 4089 1020 4149 dixerit
1048 4089 1205 4172 quispiam:
1257 4089 1357 4162 „Quid

216 4194 381 4266 cavillaris,
411 4194 461 4274 qni
483 4195 574 4269 diripi
595 4212 688 4274 neges
710 4212 775 4254 cum
796 4200 884 4254 sexto
908 4213 978 4254 casu
1003 4195 1086 4277 iungi
1093 4238 1101 4267 ,
1134 4196 1230 4254 diuelli
1248 4195 1357 4256 aiasl”

216 4346 386 4480 5·ququ
405 4357 534 4424 quattuor
553 4346 595 4402 bis
615 4347 711 4402 ultimo
730 4347 793 4401 loco
812 4346 910 4419 positia
929 4365 953 4403 ι.
973 4345 1091 4420 Madvig.
1110 4347 1143 4402 ad
1164 4344 1223 4405 Cio.
1244 4348 1278 4402 de
1295 4345 1356 4404 itin.

234 4464 260 4497 „
297 4461 305 4491 ,
360 4458 369 4477 .
