2960 4898
594 309 717 378 Philippi
735 309 872 376 Wagneri

624 465 686 526 Nec
708 466 817 548 longe,
833 471 838 547 λ
853 466 956 527 Cissea
977 467 1078 526 durum

309 605 313 612 ,
349 555 495 652 'Beiccit
518 569 605 641 Leto,
650 619 653 628 .
755 619 759 628 .
1058 617 1062 626 .
1252 617 1256 626 .

165 670 214 732 ubi
236 671 293 728 Nec
316 672 399 747 ίοιιςε
420 671 528 732 dicitur
549 692 603 751 pro
626 691 710 744 moe,
729 675 815 748 punto
835 683 905 748 post,
927 681 958 734 at
980 680 1051 732 anta
1073 675 1129 732 {dcc
1151 674 1233 748 λαερι
1255 691 1312 732 ma·

162 775 243 844 xima
268 782 316 840 eet
338 775 548 854 interpunctio.
572 811 614 822 --
637 779 696 839 Sed
719 799 755 838 aa
778 779 874 839 onnia
896 778 1054 860 insigniter
1073 797 1142 838 rara
1156 783 1235 848 sunt,
1258 795 1312 836 nac

164 878 320 961 quidquam
352 900 452 942 corun
482 881 577 962 sinrile
608 892 657 942 cst
685 883 728 942 illi
760 885 878 956 versui,
909 883 985 944 unde
1017 881 1153 962 profecta
1173 889 1221 942 est
1242 881 1314 940 haec

163 986 339 1066 drpntrtio,
365 987 397 1050 A.
422 991 454 1060 5,
476 989 556 1060 utu,
586 988 642 1048 nisi
673 985 754 1048 forte
780 996 866 1068 putes
896 1006 1034 1069 magnum
1055 987 1198 1067 quendum
1219 986 1313 1046 nisum

163 1069 379 1170 exprimendum
411 1089 523 1163 fuisse,
560 1111 619 1173 quo
650 1098 719 1152 rota
747 1092 861 1173 ruperit
895 1092 1042 1173 viperam,
1081 1090 1201 1172 dignum
1232 1090 1314 1151 illum

163 1214 257 1274 pausa
279 1194 411 1256 heroica!

204 1353 209 1366 ,
250 1299 309 1359 Sed
341 1319 449 1378 operas
479 1299 604 1380 pretium
634 1299 770 1362 facturos
799 1322 854 1362 nos
876 1320 1046 1380 speramus,
1068 1299 1253 1371 nothoni,
1275 1299 1313 1374 si,

163 1404 309 1494 quomodo
331 1403 467 1484 princeps
489 1404 601 1465 heroici
622 1407 769 1490 conuiuis,
791 1408 946 1478 Homerus,
968 1425 1003 1467 aa
1025 1422 1149 1466 caesura
1170 1423 1241 1468 usus
1264 1403 1313 1475 sit,

161 1507 416 1589 investigabimus.
460 1509 557 1589 Atque
586 1511 642 1571 etsi
673 1531 731 1573 oon
753 1520 800 1574 est
823 1512 922 1575 eadem
945 1509 1052 1572 Graeci
1075 1529 1109 1570 uc
1131 1507 1231 1572 Latini
1252 1529 1311 1572 sar

162 1613 257 1678 monia
279 1600 498 1694 conformatio,
528 1623 624 1680 tamon
647 1615 826 1680 inveniemus
849 1617 1005 1678 Homerum
1029 1633 1145 1696 quoqne
1168 1614 1257 1678 certis
1280 1612 1312 1674 fi·

163 1717 246 1776 nibus
268 1717 533 1798 circumscripsisse
554 1740 636 1780 usum
660 1722 744 1784 huius
767 1741 918 1793 caesurae,
941 1728 1031 1800 atquc
1051 1720 1087 1780 iis
1109 1720 1240 1799 quidem,
1264 1719 1314 1804 qui
1435 1768 1437 1781 .

162 1823 274 1902 pariter
296 1831 423 1884 monent
444 1825 508 1886 eius
531 1827 748 1894 insuavitatem.
792 1827 824 1885 ln
840 1826 1008 1888 universum
1031 1824 1125 1905 igitur
1139 1825 1195 1883 hoo
1212 1832 1311 1884 tenen·
1434 1852 1437 1893 ;

162 1924 228 1986 dnm
252 1927 315 1998 esi,
338 1927 367 1986 id
390 1927 418 1986 in
442 1949 479 1990 ca
500 1951 533 1994 re
554 1932 711 1994 Homerum
734 1932 902 2002 curavisse,
925 1938 958 1990 ut
981 1938 1032 1990 sut
1055 1931 1137 2009 prior
1158 1950 1226 2011 pars
1249 1949 1311 1991 rer·

161 2050 212 2091 sus
235 2032 447 2122 quodaminodo
470 2035 569 2096 iubeat
592 2036 728 2119 legantes
746 2037 783 2098 ad
797 2035 959 2098 extremam
974 2035 1116 2118 intentum
1130 2034 1238 2095 habere
1252 2035 1311 2095 oni·

162 2155 257 2208 mum,
282 2145 336 2197 aut
355 2146 489 2224 'extrema
512 2160 581 2221 pars
602 2143 761 2202 coniuncta
783 2142 823 2200 sit
852 2139 951 2219 aliquo
973 2140 1091 2203 vinculo
1114 2160 1178 2203 cunr
1202 2141 1310 2222 priore·
1434 2200 1438 2219 ,

249 2245 434 2318 volutabam,
458 2266 523 2306 cum
545 2249 658 2308 accessi
681 2237 815 2310 adiano
838 2246 1049 2328 quaestionem,
1072 2245 1224 2325 exemplar
1235 2245 1328 2308 Gne-r

162 2349 348 2410 schenianum
373 2348 542 2411 Woifianoa
564 2351 713 2412 editionis.
758 2350 842 2418 Quae
872 2371 936 2422 res,
961 2368 1033 2408 curn
1057 2349 1186 2410 Wolfius
1218 2351 1310 2409 multo
1435 2340 1438 2432 ξ

162 2433 302 2526 crebrius,
326 2474 412 2535 quam
435 2455 522 2514 hodie
544 2454 610 2515 fieri
631 2456 721 2530 solet,
745 2457 971 2538 interpunxerit,
988 2454 1099 2528 effecit,
1122 2462 1156 2514 ut
1172 2455 1311 2513 immensa

161 2561 205 2623 vis
228 2561 428 2640 exemplorum
450 2559 621 2642 colligenda
644 2543 734 2622 essct.
779 2563 810 2621 Ια
834 2561 879 2622 his
902 2569 988 2632 sunt,
1017 2559 1189 2640 inquibus,
1222 2558 1331 2618 etium

161 2665 208 2744 qui
233 2665 385 2745 plurimum
407 2666 502 2725 utitur
524 2664 778 2746 interpunctione,
801 2666 946 2726 sublatam
969 2667 1067 2738 malit,
1090 2675 1123 2727 ut

159 2770 327 2842 11.10,198
351 2752 464 2852 τάφρον
479 2767 510 2831 δ’
532 2765 717 2848 ἐκδιαβάντες
729 2767 856 2855 ὀρυκτὴν,
872 2766 877 2854 1
891 2767 1050 2860 ἑδριύαιντα
1067 2769 1097 2832 ἒν
1114 2770 1243 2853 καθαρῷ

206 2876 329 2948 11,715
354 2872 477 2958 ἄγγελος
496 2870 573 2951 ἦλθε
595 2875 708 2938 θέονσ’
731 2873 779 2939 o'n?
798 2874 970 2958 Ὀλύμπου,
987 2871 1234 2958 Ιθωρήσσεσθαι,
1297 2907 1299 2910 ·

354 2977 486 3060 ἔννυχος,
511 2981 560 3060 qui
582 3001 686 3044 versus
708 2983 854 3064 repetitur
879 2985 927 3053 18,
953 2983 1024 3042 167.
1295 2931 1325 2970 ⁵·

205 3085 329 3157 13,143
352 3084 394 3158 αλς
410 3081 528 3165 Ἕκτωρ
549 3086 617 3158 είως
637 3087 693 3166 μὲν
713 3083 828 3149 ἀπείλει
833 3131 845 3159 ,
861 3082 866 3171 Ι
880 3089 966 3168 μέχρι
988 3083 1142 3164 θαλάσσης

352 3187 404 3270 δία
427 3184 633 3251 διελεύσεσθαι

201 3295 253 3365 22,
263 3295 325 3353 383
348 3293 367 3369 ἢ
387 3296 599 3376 καταλείψουσι
620 3293 710 3357 πάλιν
732 3287 835 3378 ἄκρην,
852 3291 955 3380 Ιτούδε
975 3291 1123 3366 πεσόντος,
1145 3287 1177 3367 ἦέ
1199 3299 1273 3362 cett,

158 3399 206 3458 ubi
227 3398 317 3462 verbe
338 3395 422 3460 τούδε
443 3396 582 3474 πεσόντος
605 3417 722 3460 causam
746 3401 925 3460 deserendae
947 3401 1062 3482 patriae
1086 3399 1247 3459 continent.

202 3504 325 3577 21,735
349 3496 446 3586 ῥίψει,
465 3500 566 3586 χειρδς
587 3501 680 3578 ἑλὼν,
709 3501 770 3566 ἀπὸ
793 3503 921 3588 πύργον,
936 3501 1061 3589 [λυγρὸν
1083 3502 1223 3585 ὄλεθρον,

347 3606 512 3689 χωόμηθςν

156 3715 204 3776 ubi
227 3711 332 3798 λυγρὸν
354 3712 486 3796 ὄλεθρον
508 3715 637 3777 adverbii
660 3715 727 3775 loco
751 3723 812 3787 est,
841 3716 1004 3777 adhaerens
1026 3714 1115 3779 verbo
1139 3713 1229 3794 ῥίψει.

158 3821 249 3894 ocu,
257 3822 317 3882 291
353 3817 432 3898 δηέις
454 3817 573 3899 ἀγλαὸν
592 3817 688 3896 ἄλσος
702 3817 847 3898 Ἀθήνης,
864 3818 950 3906 prims
971 3821 1125 3895 κελεύθου,

351 3921 506 4005 circipene·
864 3976 867 3983 ,
913 3974 915 3983 .

202 4031 327 4102 tutuo
348 4027 467 4090 πάντων
487 4024 517 4092 τ’
534 4023 702 4108 Ἀργείων,
725 4032 774 4090 σέο
795 4026 827 4091 τ’
849 4027 955 4104 adsoni,
972 4025 1061 4109 Ιτήεα
1084 4026 1185 4114 λυγρά.

251 4136 332 4207 16,2
354 4131 500 4196 ύντύναντα
523 4131 642 4214 άριστον
663 4131 714 4214 ἅμ’
738 4130 804 4212 ἦοῖ,
825 4131 986 4218 [κειαμένω
1005 4137 1075 4218 πῦρ,

348 4237 502 4322 ἔκπεμψάν
524 4261 551 4300 τε
572 4239 686 4318 νομῆας

153 4346 202 4411 ubi
223 4344 356 4410 fortasse
376 4347 465 4408 etiam
488 4344 591 4406 melius
613 4353 682 4414 ante
705 4345 800 4420 verba,
814 4341 865 4424 ἅμ’
889 4342 939 4423 ἥοῖ
958 4365 1071 4418 comma
1092 4345 1264 4407 retraxeris.

239 4450 396 4511 Pertinent
425 4452 498 4513 haec
527 4452 564 4511 ad
588 4451 751 4511 orationem
780 4453 843 4511 sine
865 4452 927 4514 ulla
949 4450 1187 4532 interpellatione
1209 4452 1300 4514 conti·
