2960 4898
150 305 153 312 .
234 239 281 302 42
673 239 794 308 Philippi
813 240 949 309 Wagneri
990 253 996 272 ²

278 393 350 458 Aen.
364 393 393 468 6,
404 397 477 456 tes.
522 397 595 457 set.
620 395 707 470 Atque
728 396 774 452 bie
797 397 957 454 Priamiden
978 397 1113 453 haletum
1137 413 1258 470 corpore
1280 405 1337 456 toto

622 501 794 575 Deipbobam
816 499 905 571 sidit,
928 502 1053 558 laceram
1076 503 1227 560 credeliter
1250 521 1314 574 oro,
1352 522 1354 526 ·

617 609 675 666 Oro
687 607 950 682 autumnales,
958 607 1145 682 populataque
1152 617 1278 680 tempore
1289 612 1380 681 reptio

613 711 744 782 Auribus,
766 720 794 769 et
813 721 928 768 trancas
949 712 1094 770 inbonesto
1115 713 1229 770 coicere
1250 715 1341 772 nora.

322 815 372 874 Sic
395 835 505 888 omncs,
528 816 607 896 quod
629 816 728 888 eciam,
752 815 894 900 editores,
915 821 946 874 et
969 814 1018 894 qui
1041 821 1110 876 ante
1133 835 1178 874 mc
1193 822 1224 874 et
1247 817 1295 896 qui
1308 821 1378 896 post

233 917 363 980 fuerunt.
408 921 475 1000 ligo
499 941 537 982 ex
558 922 691 982 Medicas
715 921 840 1001 aliisque
863 920 943 979 libris
965 921 1102 981 revocavi
1116 923 1190 980 videt
1207 932 1233 979 et
1248 923 1378 982 vallio.

234 1023 310 1084 Nolo
333 1035 478 1105 repetere,
501 1046 576 1106 quae
599 1027 660 1086 dini
682 1028 712 1086 in
734 1027 818 1086 Varr.
843 1026 940 1086 Lectt.
956 1025 1034 1096 Tu,
1059 1025 1288 1086 amicissima
1310 1027 1379 1086 An·
1418 1013 1421 1018 ¹

234 1129 358 1201 tboni,
388 1130 452 1190 vide
481 1131 522 1190 sis
545 1151 673 1203 mecum,
704 1131 781 1191 sitne
810 1132 867 1190 boc
894 1130 968 1191 satis
998 1129 1088 1210 probe
1110 1129 1219 1189 dictum
1242 1132 1379 1190 lanimem

233 1253 354 1308 corpore
385 1245 459 1308 toto,
489 1239 613 1296 lacerem
643 1256 697 1296 orn
719 1244 777 1296 cet.
830 1237 930 1296 Primo
960 1243 1049 1317 poeta
1076 1235 1259 1296 laniatum
1292 1244 1378 1297 toto

234 1357 358 1420 corpore
381 1342 495 1415 scribit3
527 1349 558 1403 et
580 1345 692 1402 laetere
722 1343 837 1424 quidem
860 1349 906 1402 est
930 1342 991 1402 alte
1011 1341 1118 1402 adacto
1139 1341 1187 1402 vel
1210 1342 1307 1404 cultro
1330 1343 1379 1404 vel

233 1445 335 1528 gladio
358 1447 402 1507 ita
424 1467 543 1521 secare,
573 1459 607 1507 ut
638 1448 747 1516 distent
774 1449 851 1509 inter
877 1468 910 1508 se
933 1449 1079 1508 dissectae
1107 1454 1209 1526 partes
1232 1456 1263 1508 et
1285 1448 1378 1521 hient,

234 1556 311 1636 quod
333 1575 428 1636 genus
450 1555 601 1616 vulnerum
632 1575 687 1615 nos
722 1555 902 1635 appellemus
925 1557 1066 1630 ltloffende
1097 1557 1233 1627 emese,
1261 1555 1378 1618 Graece

232 1660 364 1721 fortasse
386 1661 496 1720 dixeris
518 1657 653 1742 κεχηνότα
675 1658 841 1740 equiparat,
872 1667 978 1720 contra
1007 1662 1137 1718 lacerare
1158 1658 1310 1740 significat
1332 1681 1377 1722 er·

233 1765 375 1826 ticulatim
398 1765 577 1838 discindere,
608 1774 746 1826 truncare
768 1773 799 1825 et
824 1766 973 1837 mutilare,
1005 1758 1243 1847 ἀκρωτηριάζειν.
1287 1765 1378 1845 Aper·

233 1879 294 1931 tum
317 1880 363 1930 est
385 1870 479 1950 igitur
499 1872 601 1932 borum
624 1871 777 1932 verborum
801 1871 972 1943 discrimen3
1006 1877 1036 1930 et
1058 1869 1238 1930 laniatus
1261 1872 1377 1951 quidem

232 1976 283 2038 ille
306 1977 412 2037 dicitur
434 1995 595 2056 corpore
618 1985 720 2049 toto,
743 1976 851 2037 lacer
865 1983 978 2036 tantun
994 1994 1057 2046 ore,
1073 1993 1184 2046 manus,
1207 1993 1305 2048 aures,
1329 1996 1378 2036 ne·

233 2101 306 2141 sum.
350 2079 422 2140 Cum
444 2088 541 2142 autem
564 2082 637 2140 baec
658 2082 736 2142 inter
758 2101 791 2168 se
814 2079 966 2152 different,
1001 2100 1059 2140 non
1090 2087 1136 2139 est
1158 2079 1230 2139 illud
1252 2083 1379 2141 laeenam

233 2205 287 2245 ora
309 2194 366 2246 etc.
398 2188 575 2268 epexegesis
611 2206 854 2268 praegressorum
887 2186 1056 2257 verboram,
1086 2187 1224 2244 lonicum
1255 2205 1380 2260 corpere

232 2302 309 2360 toto,
332 2292 383 2350 sed
406 2293 463 2352 boc
485 2290 556 2352 dicit
577 2301 677 2372 poete,
699 2292 735 2351 ad
758 2291 947 2350 laniationem
970 2291 1132 2350 accessisse
1155 2293 1244 2351 etiam
1265 2291 1378 2352 lacera·

232 2397 359 2469 tionem,
382 2416 542 2478 quaeres,
565 2397 621 2456 nisi
643 2397 767 2477 egregie
789 2395 896 2468 fallor,
919 2396 961 2454 ita
984 2403 1154 2475 comparata
1176 2403 1241 2468 est,
1272 2403 1305 2457 ut
1329 2417 1379 2456 co·

232 2499 300 2579 pule
323 2520 425 2561 cerere
448 2521 483 2560 ee
508 2504 604 2564 oratio
628 2524 685 2563 non
709 2503 813 2584 possit.
857 2501 975 2560 Dixerit
988 2499 1120 2562 fortasse
1139 2503 1245 2582 aliquis
1262 2502 1380 2564 Livium

233 2605 320 2666 vebs
342 2607 472 2664 lacerare
495 2615 526 2666 et
547 2610 660 2666 meiere
681 2629 734 2688 pro
757 2607 927 2685 synonymis
955 2605 1091 2666 habuisse
1115 2609 1168 2678 22,
1190 2609 1229 2666 51
1266 2607 1380 2679 „Prae-

233 2709 317 2789 cipue
339 2713 486 2772 couvertit
509 2732 609 2772 omnes
640 2714 805 2773 substratus
835 2712 958 2771 Numida
989 2719 1105 2772 mortuo
1140 2712 1382 2792 superincubanti

232 2815 329 2888 vivus,
353 2838 425 2877 naso
447 2819 623 2899 auribusque
645 2820 851 2890 laceratis,
883 2838 965 2890 cum,
996 2816 1125 2878 menibus
1148 2817 1185 2876 ed
1207 2817 1384 2896 capiendum

232 2920 399 2994 inutilibus,
430 2923 458 2983 iu
491 2925 598 2985 rabiem
626 2929 670 2987 ira
696 2945 800 2988 versus
831 2924 1000 2984 laniendo
1031 2923 1165 2982 dentibus
1187 2923 1301 2982 bostem
1327 2941 1382 2982 cx·

234 3027 377 3105 spirasset
385 3029 421 3102 ”3
452 3038 483 3091 et
513 3031 613 3093 Livius
641 3033 703 3113 ipse
732 3032 913 3111 interpositis
935 3029 1031 3091 verbis
1053 3029 1181 3087 menibus
1203 3031 1242 3086 ed
1262 3031 1384 3114 cepiep-

235 3134 402 3192 centetum
426 3140 567 3196 inutilibus
588 3139 683 3210 cavit,
708 3158 742 3198 ue
765 3138 807 3196 ita
829 3136 918 3196 liceat
939 3142 1081 3195 statuere.
1115 3134 1224 3212 Nempe
1247 3151 1306 3191 non
1330 3133 1383 3194 be·

232 3235 317 3299 bebet
339 3240 395 3300 iste
418 3242 515 3315 bomo,
538 3262 596 3323 quo
619 3246 733 3304 hostem
756 3244 891 3314 lenierat,
914 3243 1020 3314 telum3
1044 3240 1177 3300 dentibus
1199 3239 1293 3319 igitur
1306 3260 1388 3303 usus*

233 3349 279 3400 est
302 3363 355 3422 pro
379 3344 440 3404 telo
464 3347 500 3406 ad
523 3347 613 3418 illum,
637 3356 776 3428 quantum
799 3346 863 3406 fieri
887 3346 993 3432 potnit,
1016 3344 1191 3404 laniandum.
1237 3345 1384 3407 Similiter

233 3446 317 3508 ferae
339 3449 467 3522 bestiae,
489 3472 564 3531 quae
587 3461 728 3534 ceperunt
750 3452 904 3523 animalia,
928 3452 1050 3521 laniant,
1074 3451 1153 3530 quod
1173 3449 1209 3511 fit
1230 3451 1382 3532 unguibus

232 3553 390 3627 nostrisve3
421 3563 452 3614 et
474 3557 610 3617 laniendo
634 3557 841 3629 interficimus,
863 3577 921 3616 non
945 3555 1112 3616 lacerando.

319 3658 391 3718 Aen.
416 3663 446 3732 6,
470 3665 543 3722 565.
586 3667 717 3722 mmelom
739 3666 857 3722 Rboeteo
880 3663 908 3723 ia
930 3665 1012 3720 litore
1033 3664 1158 3719 inanem.

318 3763 472 3825 Subtiliter
493 3765 624 3846 disputat
645 3769 848 3828 Lachmannus
871 3768 907 3827 ed
930 3766 1049 3826 Lucret.
1062 3767 1091 3836 3,
1103 3766 1165 3823 att
1188 3761 1225 3822 de
1246 3763 1303 3824 hoc
1326 3786 1382 3846 ge·

108 3935 111 3941 ,
233 3887 303 3928 uere
324 3868 476 3944 elisioais3¹
504 3879 535 3930 et
559 3873 669 3932 omittit
691 3873 937 3952 praepositionem
960 3869 1069 3950 fragm.
1093 3867 1203 3941 Vatic.;
1238 3867 1290 3928 sed
1313 3888 1383 3932 cuns
1459 3909 1460 3948 p

232 3973 393 4034 Mediccera
415 3977 596 4056 potissimum
619 3980 702 4058 sequi
724 3977 888 4049 statuerim,
910 3976 991 4037 nolui
1012 3975 1074 4034 b.l.
1097 3975 1133 4033 ab
1150 3994 1186 4034 eo
1202 3973 1382 4037 desciscere.

233 4078 370 4152 Accedit,
401 4081 478 4160 quod
507 4081 656 4164 Vergilius
686 4092 765 4143 amat
795 4081 1029 4162 praepositiones
1062 4079 1281 4157 monosyllabas
1311 4098 1382 4141 curn

233 4183 356 4246 elisione
379 4187 407 4246 in
430 4206 467 4246 ea
488 4189 558 4248 sede
580 4209 701 4269 ponere.
747 4190 885 4250 Ceterum
907 4186 965 4248 vid.
989 4205 1064 4267 quae
1083 4185 1188 4264 scripsi
1210 4184 1246 4243 ed
1269 4187 1299 4256 3,
1324 4187 1381 4248 76.

318 4289 391 4352 Aea.
406 4293 436 4365 6,
453 4295 526 4354 558.
569 4298 698 4355 Oomdtit
712 4297 819 4356 Aeaeae
834 4293 1017 4373 strepituque
1033 4294 1183 4350 eeterrttus
1204 4288 1311 4350 baesit.

233 4394 283 4456 Sic
305 4414 363 4480 ego
386 4404 417 4460 et
440 4399 584 4484 Hauptius
606 4400 746 4464 edidimus
769 4421 806 4462 ex
828 4397 887 4462 fide
908 4397 1047 4471 Medicei3
1076 4394 1267 4478 hadewigius
1289 4395 1380 4458 rediit
