2960 4898
213 1677 271 1736 Diu
294 1683 358 1748 est,
388 1675 454 1736 Vir
475 1674 852 1747 Praestantissimo,
881 1675 958 1756 quod
982 1675 1098 1736 decrevi
1121 1674 1275 1755 compluri-

124 1782 178 1840 bus
201 1781 348 1842 amicitiae
376 1780 484 1840 Tuae
520 1781 696 1840 testimoniis
728 1785 908 1858 provocatus
944 1786 976 1839 et
1004 1778 1100 1859 pelam
1132 1777 1276 1858 profiteri,

125 1887 229 1967 quenti
251 1906 288 1946 ea
307 1885 424 1956 faciam,
448 1893 478 1944 et
500 1887 626 1967 gratiam
642 1885 733 1944 Tibi
755 1883 870 1944 referre
893 1883 919 1943 si
933 1904 992 1944 non
1009 1903 1156 1965 magnam,
1179 1891 1275 1944 tamen

125 1992 366 2073 qualemcumque
388 1991 507 2071 possim.
559 1991 812 2072 Circumspicienti
843 1997 941 2050 autem
963 1991 1049 2063 mibi,
1083 1990 1213 2070 acceptis
1236 1991 1277 2049 iu·

42 2140 45 2151 .
125 2097 310 2156 eundiasimis
333 2095 508 2169 muneribus,
531 2097 599 2177 quid
622 2097 804 2176 potissimum
827 2095 913 2154 'ribi
935 2095 1124 2168 remitterem,
1147 2095 1226 2154 ultro
1244 2115 1277 2154 se

129 2203 236 2262 obtulit
257 2201 424 2282 Vergilius,
457 2201 526 2262 fons
548 2202 599 2261 ille
622 2203 817 2262 communium·
836 2201 990 2282 utriusque
1011 2209 1145 2260 nostrum
1167 2200 1278 2260 studio·

128 2327 200 2368 ruer.
246 2307 346 2367 Statui
368 2307 462 2388 igitur
483 2327 520 2367 ex
543 2308 599 2367 boe
631 2307 759 2387 aliquam
790 2307 942 2378 materiam
971 2307 1115 2366 scribendi
1137 2326 1279 2387 quaerere

130 2414 287 2494 Tibique
311 2411 435 2486 offerre,
459 2433 534 2493 quae
557 2413 742 2475 invenissem.
785 2411 948 2492 Postquam
972 2432 1065 2472 annos
1088 2412 1191 2472 abhinc
1213 2432 1278 2491 pro·

130 2539 164 2599 pe
193 2518 321 2599 triginta
349 2518 470 2597 primum
503 2517 580 2577 edidi
609 2517 790 2599 Vergilium,
825 2517 909 2576 multi
932 2518 1127 2590 exstiterunt,
1160 2519 1210 2597 qui
1231 2517 1279 2578 vel

130 2623 315 2685 emendandis
337 2623 383 2684 vel
407 2624 635 2703 interpretandis
658 2623 704 2682 bis
725 2623 900 2682 carminibus
925 2643 1042 2702 opernm
1060 2623 1175 2683 darent.
1221 2622 1279 2682 Sed

130 2749 192 2788 cun
216 2728 338 2808 longum
361 2727 401 2786 ait
424 2728 521 2787 omnia
543 2728 720 2799 consectari,
743 2727 828 2786 libuit
849 2728 980 2787 criticum
1005 2736 1115 2807 partem
1140 2728 1279 2809 seligere,

131 2853 164 2894 nc
186 2853 223 2892 ne
245 2833 322 2892 bane
343 2830 458 2911 quidem
480 2839 588 2906 totan3
611 2832 734 2893 verebar
756 2833 846 2904 enim,
865 2833 906 2891 -id
928 2834 954 2892 si
976 2832 1104 2892 facerem
1116 2876 1125 2904 ,
1147 2853 1184 2892 ne
1207 2833 1297 2912 pati·

132 2938 209 2998 entia
232 2937 316 2996 Tua
338 2935 492 3010 abuterer3
516 2935 568 2995 red
590 2935 801 3016 contemplanti
823 2937 970 3017 prolixum
983 2938 1106 2997 indicem
1121 2937 1280 2997 lectionum

131 3043 238 3103 a'Pb.
261 3040 509 3122 hedewigio,
532 3040 680 3121 elegantis
703 3041 814 3121 ingenii
831 3042 957 3114 bomine,
980 3050 1157 3102 mutatorum
1170 3043 1281 3122 placuit

132 3148 317 3218 examinare,
350 3147 418 3226 quid
448 3146 612 3206 emendatio
644 3145 768 3227 Vergilii
797 3166 835 3205 ex
865 3147 929 3206 eius
959 3148 1087 3206 editione
1110 3147 1281 3227 profecerit.

131 3255 194 3336 Age
217 3255 328 3337 igitur,
348 3253 415 3312 Vir
436 3254 684 3326 amicissime,
713 3261 746 3314 et
766 3255 870 3315 volens
892 3256 998 3335 proebe
1022 3257 1080 3315 'Pe
1103 3257 1171 3315 mibi
1194 3257 1280 3316 comi·

131 3369 186 3420 tem
208 3361 269 3419 iter
290 3361 346 3418 boc
368 3359 571 3439 persequenti,
594 3358 711 3438 plenum
734 3358 805 3417 illud
829 3359 943 3440 quidem
966 3361 1136 3440 spinarum,
1160 3381 1197 3420 ex
1220 3362 1280 3441 qui·

131 3465 181 3525 bur
204 3465 231 3525 si
252 3463 334 3524 forte
356 3464 476 3546 integra
498 3471 587 3544 etque
617 3464 821 3536 incruentata,
855 3472 907 3524 out
937 3465 1043 3524 saltem
1074 3485 1132 3524 non
1155 3465 1282 3546 undique

131 3570 263 3631 lacerata
286 3578 353 3630 cute
376 3589 515 3642 erasmo,
538 3577 657 3649 gratum
679 3569 707 3628 id
731 3570 799 3628 mibi
821 3570 914 3650 Tua
928 3571 1016 3630 etiam
1039 3589 1129 3630 ceusu
1151 3570 1281 3630 futurum

132 3683 185 3748 eat,
208 3675 288 3756 qnia,
312 3675 361 3754 qni
384 3682 431 3734 ert
453 3674 557 3734 Tuus
580 3694 655 3755 erga
678 3693 724 3734 nne
747 3675 871 3747 animus,
894 3675 950 3735 'Pe
972 3676 1049 3735 baud
1072 3675 1166 3735 minus
1188 3695 1224 3735 ea
1239 3693 1283 3747 rc,

133 3800 217 3861 quarn
241 3799 304 3852 rna,
328 3780 498 3860 gavisurum
522 3798 589 3838 esse
611 3779 684 3838 scio.

216 3885 300 3945 Misit
321 3885 390 3943 mibi
411 3885 542 3957 interea,
564 3884 631 3943 dnm
654 3903 727 3963 paro
751 3883 862 3964 aliquid
884 3884 921 3943 ad
944 3881 1002 3942 Te
1026 3883 1164 3956 scribere,
1186 3885 1232 3944 'vir
1253 3883 1282 3943 in

132 3989 186 4049 boe
209 4007 321 4070 genere
343 3988 494 4048 literarum
525 3986 812 4059 excellentissimus,
845 3987 1054 4048 Mauritius
1082 3987 1283 4067 Hauptius,

132 4094 293 4175 Vergilium
316 4093 378 4154 sais
400 4093 479 4152 euris
502 4093 675 4172 expolitum.
720 4094 824 4174 ltaque
854 4094 883 4152 in
908 4092 986 4153 omni
1007 4093 1062 4151 bae
1084 4091 1284 4171 disputatione

133 4199 366 4270 commemorari,
389 4198 457 4284 quid
481 4199 506 4257 is
529 4217 645 4278 quoque
668 4198 736 4258 loco
760 4207 880 4259 secutus
903 4199 959 4271 sit3
986 4197 1072 4276 idque
1094 4195 1153 4256 feci
1167 4197 1282 4271 ductus,

132 4313 165 4364 ιιι
186 4325 241 4386 par
262 4312 325 4377 est,
357 4303 525 4365 reverentia
554 4304 631 4362 tanti
661 4305 856 4384 grammatici.
909 4305 948 4362 Et
978 4310 1114 4374 constat,
1144 4313 1285 4384 qnantum

136 4409 202 4469 olim
238 4409 394 4470 tribuerint
427 4427 600 4490 magnorum
633 4409 762 4470 virorum
786 4409 979 4482 auctoritati3
1008 4408 1086 4486 quod
1109 4429 1198 4489 saepe
1220 4429 1284 4470 cum

994 4512 1035 4572 ι*
